
<record>
  <leader>03583cam a22004097i 4500</leader>
  <controlfield tag="001">18771401</controlfield>
  <controlfield tag="005">20200103150510.0</controlfield>
  <controlfield tag="008">150904s2016    nyu           000 0 eng  </controlfield>
  <datafield tag="906" ind1=" " ind2=" ">
    <subfield code="a">7</subfield>
    <subfield code="b">cbc</subfield>
    <subfield code="c">orignew</subfield>
    <subfield code="d">1</subfield>
    <subfield code="e">ecip</subfield>
    <subfield code="f">20</subfield>
    <subfield code="g">y-gencatlg</subfield>
  </datafield>
  <datafield tag="925" ind1="0" ind2=" ">
    <subfield code="a">acquire</subfield>
    <subfield code="b">1 shelf copy</subfield>
    <subfield code="x">policy default</subfield>
  </datafield>
  <datafield tag="955" ind1=" " ind2=" ">
    <subfield code="b">rm15 2015-09-04</subfield>
    <subfield code="c">rm15 2015-09-04 ONIX</subfield>
    <subfield code="i">rm15 2015-09-04 (telework)</subfield>
    <subfield code="a">rm15 2015-09-04 to Dewey</subfield>
    <subfield code="w">xl06 2015-09-08</subfield>
    <subfield code="a">xn11 2016-03-22 1 copy rec&apos;d., to CIP ver.</subfield>
    <subfield code="f">rm06 2016-04-18 to BCCD</subfield>
  </datafield>
  <datafield tag="010" ind1=" " ind2=" ">
    <subfield code="a">  2015030695</subfield>
  </datafield>
  <datafield tag="020" ind1=" " ind2=" ">
    <subfield code="a">9780425282755 (paperback)</subfield>
  </datafield>
  <datafield tag="040" ind1=" " ind2=" ">
    <subfield code="a">DLC</subfield>
    <subfield code="b">eng</subfield>
    <subfield code="c">DLC</subfield>
    <subfield code="e">rda</subfield>
    <subfield code="d">DLC</subfield>
  </datafield>
  <datafield tag="050" ind1="0" ind2="0">
    <subfield code="a">HQ801</subfield>
    <subfield code="b">.A584 2016</subfield>
  </datafield>
  <datafield tag="082" ind1="0" ind2="0">
    <subfield code="a">306.7</subfield>
    <subfield code="2">23</subfield>
  </datafield>
  <datafield tag="084" ind1=" " ind2=" ">
    <subfield code="a">BIO026000</subfield>
    <subfield code="a">FAM030000</subfield>
    <subfield code="a">FAM029000</subfield>
    <subfield code="2">bisacsh</subfield>
  </datafield>
  <datafield tag="100" ind1="1" ind2=" ">
    <subfield code="a">Andres, Jill.</subfield>
  </datafield>
  <datafield tag="245" ind1="1" ind2="4">
    <subfield code="a">The marriage test :</subfield>
    <subfield code="b">our 40 dates before &quot;I do&quot; /</subfield>
    <subfield code="c">Jill Andres and Brook Silva-Braga.</subfield>
  </datafield>
  <datafield tag="264" ind1=" " ind2="1">
    <subfield code="a">New York :</subfield>
    <subfield code="b">Berkley Books,</subfield>
    <subfield code="c">[2016]</subfield>
  </datafield>
  <datafield tag="300" ind1=" " ind2=" ">
    <subfield code="a">xiv, 240 pages ;</subfield>
    <subfield code="c">21 cm</subfield>
  </datafield>
  <datafield tag="336" ind1=" " ind2=" ">
    <subfield code="a">text</subfield>
    <subfield code="2">rdacontent</subfield>
  </datafield>
  <datafield tag="337" ind1=" " ind2=" ">
    <subfield code="a">unmediated</subfield>
    <subfield code="2">rdamedia</subfield>
  </datafield>
  <datafield tag="338" ind1=" " ind2=" ">
    <subfield code="a">volume</subfield>
    <subfield code="2">rdacarrier</subfield>
  </datafield>
  <datafield tag="520" ind1=" " ind2=" ">
    <subfield code="a">&quot;A crash course in commitment: one couple and forty dates that could make or break their marriage before the wedding.  Picking a partner is life&apos;s most important decision, but how are we supposed to make it? Being in love is a good start, but the issues that ultimately wreck marriages--money and monogamy, career and kids--are hard to gauge until you&apos;re actually hitched. So after a few years of dating, Jill Andres and Brook Silva-Braga built The Marriage Test to confirm their compatibility before saying &quot;I do.&quot;     Forty revealing challenges simulate the issues that could tank or strengthen their union. For a month, they swap credit cards, for a weekend they borrow a baby. An embarrassing lunch with their exes tests their trust issues. Sexual gymnastics are required to recreate TV love scenes. From a night of speed dating to 24 hours handcuffed together, the crazy, awkward, emotional trials fling them headfirst into assorted marital minefields.  Is their love strong enough to weather real life? Only forty dates will tell..&quot;--</subfield>
    <subfield code="c">Provided by publisher.</subfield>
  </datafield>
  <datafield tag="520" ind1=" " ind2=" ">
    <subfield code="a">&quot;The ultimate dating obstacle course. A test drive for marriage. Picking a partner is life&apos;s most important decision, but how are we supposed to make it? Being in love is a good start, but the issues that ultimately wreck marriages--money and monogamy, career and kids--are hard to gauge until you&apos;re actually hitched. So after a few years of dating, Jill Andres and Brook Silva-Braga built the Marriage Test to confirm their compatibility before saying &quot;I do.&quot; Forty revealing challenges simulate the issues that could tank or strengthen their union. For a month, they swap credit cards, for a weekend they borrow a baby. An embarrassing lunch with their exes tests their trust issues. Sexual gymnastics are required to re-create TV love scenes. From a night of speed dating to twenty-four hours handcuffed together, the crazy, awkward, emotional trials fling them headfirst into assorted marital minefields. Is their love strong enough to weather real life? Only forty dates will tell..&quot;--</subfield>
    <subfield code="c">Provided by publisher.</subfield>
  </datafield>
  <datafield tag="600" ind1="1" ind2="0">
    <subfield code="a">Andres, Jill.</subfield>
  </datafield>
  <datafield tag="600" ind1="1" ind2="0">
    <subfield code="a">Silva-Braga, Brook.</subfield>
  </datafield>
  <datafield tag="650" ind1=" " ind2="0">
    <subfield code="a">Man-woman relationships.</subfield>
  </datafield>
  <datafield tag="650" ind1=" " ind2="0">
    <subfield code="a">Dating (Social customs)</subfield>
  </datafield>
  <datafield tag="650" ind1=" " ind2="0">
    <subfield code="a">Courtship.</subfield>
  </datafield>
  <datafield tag="650" ind1=" " ind2="0">
    <subfield code="a">Marriage.</subfield>
  </datafield>
  <datafield tag="650" ind1=" " ind2="7">
    <subfield code="a">BIOGRAPHY &amp; AUTOBIOGRAPHY / Personal Memoirs.</subfield>
    <subfield code="2">bisacsh</subfield>
  </datafield>
  <datafield tag="650" ind1=" " ind2="7">
    <subfield code="a">FAMILY &amp; RELATIONSHIPS / Marriage.</subfield>
    <subfield code="2">bisacsh</subfield>
  </datafield>
  <datafield tag="650" ind1=" " ind2="7">
    <subfield code="a">FAMILY &amp; RELATIONSHIPS / Love &amp; Romance.</subfield>
    <subfield code="2">bisacsh</subfield>
  </datafield>
  <datafield tag="700" ind1="1" ind2=" ">
    <subfield code="a">Silva-Braga, Brook.</subfield>
  </datafield>
  <datafield tag="856" ind1="4" ind2="2">
    <subfield code="3">Cover image</subfield>
    <subfield code="u">9780425282755.jpg</subfield>
  </datafield>
</record>