
<record>
  <leader>01868cam a22003857i 4500</leader>
  <controlfield tag="001">18774141</controlfield>
  <controlfield tag="005">20200103150511.0</controlfield>
  <controlfield tag="008">150908t20162016ctu      b    001 e eng c</controlfield>
  <datafield tag="906" ind1=" " ind2=" ">
    <subfield code="a">7</subfield>
    <subfield code="b">cbc</subfield>
    <subfield code="c">pccadap</subfield>
    <subfield code="d">2</subfield>
    <subfield code="e">ncip</subfield>
    <subfield code="f">20</subfield>
    <subfield code="g">y-gencatlg</subfield>
  </datafield>
  <datafield tag="925" ind1="0" ind2=" ">
    <subfield code="a">acquire</subfield>
    <subfield code="b">1 shelf copy</subfield>
    <subfield code="x">Sel/rjc, 2017-03-01</subfield>
  </datafield>
  <datafield tag="955" ind1=" " ind2=" ">
    <subfield code="a">pc24 2015-09-08</subfield>
    <subfield code="a">xn11 2017-03-10 1 copy rec&apos;d., to USASH</subfield>
    <subfield code="b">xk25 2017-04-05 z-processor</subfield>
    <subfield code="i">xk02 2017-07-06 to CALM (OT)</subfield>
  </datafield>
  <datafield tag="010" ind1=" " ind2=" ">
    <subfield code="a">  2015951353</subfield>
  </datafield>
  <datafield tag="020" ind1=" " ind2=" ">
    <subfield code="a">9780300215366 (cloth : alk. paper)</subfield>
  </datafield>
  <datafield tag="020" ind1=" " ind2=" ">
    <subfield code="a">0300215363 (cloth : alk. paper)</subfield>
  </datafield>
  <datafield tag="024" ind1="3" ind2=" ">
    <subfield code="a">9780300215366</subfield>
  </datafield>
  <datafield tag="035" ind1=" " ind2=" ">
    <subfield code="a">(OCoLC)ocn926820811</subfield>
  </datafield>
  <datafield tag="040" ind1=" " ind2=" ">
    <subfield code="a">YDXCP</subfield>
    <subfield code="b">eng</subfield>
    <subfield code="c">YDXCP</subfield>
    <subfield code="e">rda</subfield>
    <subfield code="d">BTCTA</subfield>
    <subfield code="d">BDX</subfield>
    <subfield code="d">OCLCQ</subfield>
    <subfield code="d">OCLCO</subfield>
    <subfield code="d">CPL</subfield>
    <subfield code="d">MR0</subfield>
    <subfield code="d">UOK</subfield>
    <subfield code="d">VP@</subfield>
    <subfield code="d">COO</subfield>
    <subfield code="d">OCLCO</subfield>
    <subfield code="d">NYP</subfield>
    <subfield code="d">DEBSZ</subfield>
    <subfield code="d">CHVBK</subfield>
    <subfield code="d">OCLCO</subfield>
    <subfield code="d">OCLCA</subfield>
    <subfield code="d">OBE</subfield>
    <subfield code="d">DLC</subfield>
  </datafield>
  <datafield tag="050" ind1="0" ind2="0">
    <subfield code="a">PN3331</subfield>
    <subfield code="b">.P35 2016</subfield>
  </datafield>
  <datafield tag="100" ind1="1" ind2=" ">
    <subfield code="a">Parks, Tim,</subfield>
    <subfield code="e">author.</subfield>
  </datafield>
  <datafield tag="240" ind1="1" ind2="0">
    <subfield code="a">Essays.</subfield>
    <subfield code="k">Selections</subfield>
  </datafield>
  <datafield tag="245" ind1="1" ind2="0">
    <subfield code="a">Life and work :</subfield>
    <subfield code="b">writers, readers, and the conversations between them /</subfield>
    <subfield code="c">Tim Parks.</subfield>
  </datafield>
  <datafield tag="264" ind1=" " ind2="1">
    <subfield code="a">New Haven ;</subfield>
    <subfield code="a">London :</subfield>
    <subfield code="b">Yale University Press,</subfield>
    <subfield code="c">[2016]</subfield>
  </datafield>
  <datafield tag="264" ind1=" " ind2="4">
    <subfield code="c">©2016</subfield>
  </datafield>
  <datafield tag="300" ind1=" " ind2=" ">
    <subfield code="a">xi, 308 pages ;</subfield>
    <subfield code="c">22 cm</subfield>
  </datafield>
  <datafield tag="336" ind1=" " ind2=" ">
    <subfield code="a">text</subfield>
    <subfield code="b">txt</subfield>
    <subfield code="2">rdacontent</subfield>
  </datafield>
  <datafield tag="337" ind1=" " ind2=" ">
    <subfield code="a">unmediated</subfield>
    <subfield code="b">n</subfield>
    <subfield code="2">rdamedia</subfield>
  </datafield>
  <datafield tag="338" ind1=" " ind2=" ">
    <subfield code="a">volume</subfield>
    <subfield code="b">nc</subfield>
    <subfield code="2">rdacarrier</subfield>
  </datafield>
  <datafield tag="500" ind1=" " ind2=" ">
    <subfield code="a">Essays.</subfield>
  </datafield>
  <datafield tag="504" ind1=" " ind2=" ">
    <subfield code="a">Includes bibliographical references (pages 301-302) and index.</subfield>
  </datafield>
  <datafield tag="505" ind1="0" ind2="0">
    <subfield code="t">Charles Dickens --</subfield>
    <subfield code="t">Feodor Dostoevsky : crime or punishment --</subfield>
    <subfield code="t">Thomas Hardy --</subfield>
    <subfield code="t">Anton Chekhov --</subfield>
    <subfield code="t">James Joyce --</subfield>
    <subfield code="t">Samuel Beckett --</subfield>
    <subfield code="t">Georges Simenon --</subfield>
    <subfield code="t">Muriel Spark --</subfield>
    <subfield code="t">Philip Roth --</subfield>
    <subfield code="t">J.M. Coetzee --</subfield>
    <subfield code="t">Julian Barnes --</subfield>
    <subfield code="t">Colm Tóibín --</subfield>
    <subfield code="t">Geoff Dyer --</subfield>
    <subfield code="t">Peter Stamm --</subfield>
    <subfield code="t">Graham Swift --</subfield>
    <subfield code="t">Dave Eggers --</subfield>
    <subfield code="t">Haruki Murakami --</subfield>
    <subfield code="t">Peter Matthiessen --</subfield>
    <subfield code="t">Stieg Larsson --</subfield>
    <subfield code="t">E.L. James.</subfield>
  </datafield>
  <datafield tag="650" ind1=" " ind2="0">
    <subfield code="a">Fiction</subfield>
    <subfield code="x">History and criticism</subfield>
    <subfield code="x">Theory, etc.</subfield>
  </datafield>
  <datafield tag="650" ind1=" " ind2="0">
    <subfield code="a">Fiction</subfield>
    <subfield code="x">Technique.</subfield>
  </datafield>
  <datafield tag="650" ind1=" " ind2="0">
    <subfield code="a">Authors and readers.</subfield>
  </datafield>
  <datafield tag="600" ind1="1" ind2="7">
    <subfield code="a">Parks, Tim</subfield>
    <subfield code="d">1954-</subfield>
    <subfield code="2">gnd</subfield>
  </datafield>
  <datafield tag="655" ind1=" " ind2="7">
    <subfield code="a">Essays.</subfield>
    <subfield code="2">lcgft</subfield>
  </datafield>
</record>