
<record>
  <leader>01871cam a22004217i 4500</leader>
  <controlfield tag="001">18774710</controlfield>
  <controlfield tag="005">20200103120745.0</controlfield>
  <controlfield tag="008">150908s2015    gw a     mb   000 0 ger  </controlfield>
  <datafield tag="906" ind1=" " ind2=" ">
    <subfield code="a">7</subfield>
    <subfield code="b">cbc</subfield>
    <subfield code="c">origres</subfield>
    <subfield code="d">3</subfield>
    <subfield code="e">ncip</subfield>
    <subfield code="f">20</subfield>
    <subfield code="g">y-gencatlg</subfield>
  </datafield>
  <datafield tag="925" ind1="0" ind2=" ">
    <subfield code="a">acquire</subfield>
    <subfield code="b">1 shelf copies</subfield>
    <subfield code="x">policy default</subfield>
  </datafield>
  <datafield tag="955" ind1=" " ind2=" ">
    <subfield code="b">fd05 2015-09-08 z-processor</subfield>
    <subfield code="a">fd00 2015-09-15 to GS/GER</subfield>
    <subfield code="a">ff00 2016-05-05 to GS/SBCG</subfield>
    <subfield code="i">ff72 2016-05-05</subfield>
  </datafield>
  <datafield tag="010" ind1=" " ind2=" ">
    <subfield code="a">  2015459063</subfield>
  </datafield>
  <datafield tag="020" ind1=" " ind2=" ">
    <subfield code="a">9783895009563 (cl.)</subfield>
  </datafield>
  <datafield tag="020" ind1=" " ind2=" ">
    <subfield code="a">3895009563 (cl.)</subfield>
  </datafield>
  <datafield tag="040" ind1=" " ind2=" ">
    <subfield code="a">DLC</subfield>
    <subfield code="b">eng</subfield>
    <subfield code="c">DLC</subfield>
    <subfield code="e">rda</subfield>
  </datafield>
  <datafield tag="041" ind1="0" ind2=" ">
    <subfield code="a">ger</subfield>
    <subfield code="a">gmh</subfield>
  </datafield>
  <datafield tag="043" ind1=" " ind2=" ">
    <subfield code="a">e-gx---</subfield>
    <subfield code="a">e-fr---</subfield>
  </datafield>
  <datafield tag="050" ind1="0" ind2="0">
    <subfield code="a">PT1517.E473</subfield>
    <subfield code="b">B43 2015</subfield>
  </datafield>
  <datafield tag="100" ind1="1" ind2=" ">
    <subfield code="a">Beck, Gertrud</subfield>
    <subfield code="c">(Literary scholar)</subfield>
  </datafield>
  <datafield tag="245" ind1="1" ind2="0">
    <subfield code="a">Trojasummen</subfield>
    <subfield code="b">das &quot;Elsässische Trojabuch&quot; und die gedruckten Trojakompilationen /</subfield>
    <subfield code="c">von Gertrud Beck.</subfield>
  </datafield>
  <datafield tag="264" ind1=" " ind2="1">
    <subfield code="a">Wiesbaden :</subfield>
    <subfield code="b">Dr. Ludwig Reichert Verlag,</subfield>
    <subfield code="c">2015.</subfield>
  </datafield>
  <datafield tag="300" ind1=" " ind2=" ">
    <subfield code="a">358 pages ;</subfield>
    <subfield code="c">25 cm.</subfield>
  </datafield>
  <datafield tag="336" ind1=" " ind2=" ">
    <subfield code="a">text</subfield>
    <subfield code="b">txt</subfield>
    <subfield code="2">rdacontent</subfield>
  </datafield>
  <datafield tag="337" ind1=" " ind2=" ">
    <subfield code="a">unmediated</subfield>
    <subfield code="b">n</subfield>
    <subfield code="2">rdamedia</subfield>
  </datafield>
  <datafield tag="338" ind1=" " ind2=" ">
    <subfield code="a">volume</subfield>
    <subfield code="b">nc</subfield>
    <subfield code="2">rdacarrier</subfield>
  </datafield>
  <datafield tag="490" ind1="0" ind2=" ">
    <subfield code="a">Wissensliteratur im Mittelalter ;</subfield>
    <subfield code="v">Band 49</subfield>
  </datafield>
  <datafield tag="546" ind1=" " ind2=" ">
    <subfield code="a">In German, with passages from the original text in Middle High German.</subfield>
  </datafield>
  <datafield tag="504" ind1=" " ind2=" ">
    <subfield code="a">Includes bibliographical references (pages 36-358).</subfield>
  </datafield>
  <datafield tag="630" ind1="0" ind2="0">
    <subfield code="a">Elsässisches Trojabuch</subfield>
    <subfield code="x">Criticism, Textual.</subfield>
  </datafield>
  <datafield tag="651" ind1=" " ind2="0">
    <subfield code="a">Troy (Extinct city)</subfield>
    <subfield code="x">Folklore</subfield>
    <subfield code="v">Early works to 1800.</subfield>
  </datafield>
  <datafield tag="650" ind1=" " ind2="0">
    <subfield code="a">Trojan War</subfield>
    <subfield code="x">Folklore</subfield>
    <subfield code="v">Early works to 1800.</subfield>
  </datafield>
  <datafield tag="650" ind1=" " ind2="0">
    <subfield code="a">Trojan War</subfield>
    <subfield code="x">Social aspects</subfield>
    <subfield code="z">Germany, Southern</subfield>
    <subfield code="x">History</subfield>
    <subfield code="y">To 1500.</subfield>
  </datafield>
  <datafield tag="650" ind1=" " ind2="0">
    <subfield code="a">Trojan War</subfield>
    <subfield code="x">Social aspects</subfield>
    <subfield code="z">France</subfield>
    <subfield code="z">Alsace</subfield>
    <subfield code="x">History</subfield>
    <subfield code="y">To 1500.</subfield>
  </datafield>
  <datafield tag="650" ind1=" " ind2="0">
    <subfield code="a">Mythology, Greek</subfield>
    <subfield code="z">Germany, Southern</subfield>
    <subfield code="v">Early works to 1800.</subfield>
  </datafield>
  <datafield tag="650" ind1=" " ind2="0">
    <subfield code="a">Mythology, Greek</subfield>
    <subfield code="z">France</subfield>
    <subfield code="z">Alsace</subfield>
    <subfield code="v">Early works to 1800.</subfield>
  </datafield>
  <datafield tag="650" ind1=" " ind2="0">
    <subfield code="a">Mythology, Greek, in literature</subfield>
    <subfield code="v">Early works to 1800.</subfield>
  </datafield>
  <datafield tag="650" ind1=" " ind2="0">
    <subfield code="a">Manuscripts, German (Middle High)</subfield>
    <subfield code="z">Germany, Southern</subfield>
    <subfield code="x">History.</subfield>
  </datafield>
  <datafield tag="923" ind1=" " ind2=" ">
    <subfield code="d">20150724</subfield>
    <subfield code="n">379270</subfield>
    <subfield code="s">93001286</subfield>
  </datafield>
</record>