
<record>
  <leader>02026cam a22004097i 4500</leader>
  <controlfield tag="001">18775200</controlfield>
  <controlfield tag="005">20200103150511.0</controlfield>
  <controlfield tag="008">150904s2016    nyu      b    001 0 eng  </controlfield>
  <datafield tag="906" ind1=" " ind2=" ">
    <subfield code="a">7</subfield>
    <subfield code="b">cbc</subfield>
    <subfield code="c">orignew</subfield>
    <subfield code="d">1</subfield>
    <subfield code="e">ecip</subfield>
    <subfield code="f">20</subfield>
    <subfield code="g">y-gencatlg</subfield>
  </datafield>
  <datafield tag="925" ind1="0" ind2=" ">
    <subfield code="a">acquire</subfield>
    <subfield code="b">2 shelf copies</subfield>
    <subfield code="x">Sel/rjc, 2016-06-29</subfield>
  </datafield>
  <datafield tag="955" ind1=" " ind2=" ">
    <subfield code="d">xl05 2015-09-09</subfield>
    <subfield code="w">xl05 2015-09-09</subfield>
    <subfield code="a">xn12 2016-02-29 1 copy rec&apos;d., to CIP ver.</subfield>
    <subfield code="a">rl00 2016-06-30 to SMA</subfield>
    <subfield code="e">rl02 2016-06-30</subfield>
    <subfield code="f">rl02 2016-06-30 copy 1 to SciRR</subfield>
  </datafield>
  <datafield tag="010" ind1=" " ind2=" ">
    <subfield code="a">  2015027527</subfield>
  </datafield>
  <datafield tag="020" ind1=" " ind2=" ">
    <subfield code="a">9780702052309 (main edition)</subfield>
  </datafield>
  <datafield tag="020" ind1=" " ind2=" ">
    <subfield code="a">9780702063060 (international edition paperback)</subfield>
  </datafield>
  <datafield tag="020" ind1=" " ind2=" ">
    <subfield code="z">9780702068515 (PDF, EPUB)</subfield>
  </datafield>
  <datafield tag="020" ind1=" " ind2=" ">
    <subfield code="z">9780702068522 (Inkling interactive ebook)</subfield>
  </datafield>
  <datafield tag="035" ind1=" " ind2=" ">
    <subfield code="a">(DNLM)101667594</subfield>
  </datafield>
  <datafield tag="040" ind1=" " ind2=" ">
    <subfield code="a">DNLM/DLC</subfield>
    <subfield code="c">DLC</subfield>
    <subfield code="e">rda</subfield>
    <subfield code="d">DLC</subfield>
  </datafield>
  <datafield tag="050" ind1="0" ind2="0">
    <subfield code="a">QM23.2</subfield>
    <subfield code="b">.G73 2016</subfield>
  </datafield>
  <datafield tag="060" ind1="1" ind2="0">
    <subfield code="a">QS 4</subfield>
  </datafield>
  <datafield tag="082" ind1="0" ind2="0">
    <subfield code="a">611</subfield>
    <subfield code="2">23</subfield>
  </datafield>
  <datafield tag="245" ind1="0" ind2="0">
    <subfield code="a">Gray&apos;s anatomy :</subfield>
    <subfield code="b">the anatomical basis of clinical practice /</subfield>
    <subfield code="c">editor-in-chief, Susan Standring, MBE, PhD, DSc, FKC, Hon FAS, Hon FRCS, Emeritus Professor of Anatomy, King&apos;s College London, London, UK ; section editors, Neel Anand [and 11 others].</subfield>
  </datafield>
  <datafield tag="246" ind1="1" ind2=" ">
    <subfield code="a">Anatomy :</subfield>
    <subfield code="b">the anatomical basis of clinical practice</subfield>
  </datafield>
  <datafield tag="250" ind1=" " ind2=" ">
    <subfield code="a">Forty-first edition.</subfield>
  </datafield>
  <datafield tag="264" ind1=" " ind2="1">
    <subfield code="a">New York :</subfield>
    <subfield code="b">Elsevier Limited,</subfield>
    <subfield code="c">2016.</subfield>
  </datafield>
  <datafield tag="300" ind1=" " ind2=" ">
    <subfield code="a">xviii, 1562 pages :</subfield>
    <subfield code="b">illustrations (some color) ;</subfield>
    <subfield code="c">31 cm</subfield>
  </datafield>
  <datafield tag="336" ind1=" " ind2=" ">
    <subfield code="a">text</subfield>
    <subfield code="2">rdacontent</subfield>
  </datafield>
  <datafield tag="337" ind1=" " ind2=" ">
    <subfield code="a">unmediated</subfield>
    <subfield code="2">rdamedia</subfield>
  </datafield>
  <datafield tag="338" ind1=" " ind2=" ">
    <subfield code="a">volume</subfield>
    <subfield code="2">rdacarrier</subfield>
  </datafield>
  <datafield tag="504" ind1=" " ind2=" ">
    <subfield code="a">Includes bibliographical references and index.</subfield>
  </datafield>
  <datafield tag="650" ind1="1" ind2="2">
    <subfield code="a">Anatomy.</subfield>
  </datafield>
  <datafield tag="700" ind1="1" ind2=" ">
    <subfield code="a">Standring, Susan,</subfield>
    <subfield code="e">editor.</subfield>
  </datafield>
  <datafield tag="776" ind1="0" ind2="8">
    <subfield code="i">Online version:</subfield>
    <subfield code="t">Gray&apos;s anatomy</subfield>
    <subfield code="b">Forty-first edition.</subfield>
    <subfield code="d">New York : Elsevier Limited, 2016</subfield>
    <subfield code="z">9780702068515</subfield>
    <subfield code="w">(DLC) 2015035346</subfield>
  </datafield>
  <datafield tag="952" ind1=" " ind2=" ">
    <subfield code="a">To LC: Prev. 39th ed.: 2004063458</subfield>
  </datafield>
  <datafield tag="952" ind1=" " ind2=" ">
    <subfield code="a">To LC:  Per email from publisher, the 4 ISBNs are: &quot;9780702052309 Main Edition  9780702063060 International Edition Paperback  9780702068515 Ebook (pdf, epub)  9780702068522 Inkling interactive ebook&quot;</subfield>
  </datafield>
  <datafield tag="985" ind1=" " ind2=" ">
    <subfield code="a">NLMCIP</subfield>
    <subfield code="d">2015-09-09</subfield>
  </datafield>
  <datafield tag="991" ind1=" " ind2=" ">
    <subfield code="b">r-SciRR</subfield>
    <subfield code="h">QM23.2</subfield>
    <subfield code="i">.G73 2016</subfield>
    <subfield code="t">Copy 1</subfield>
  </datafield>
</record>