
<record>
  <leader>06414cam a22005537i 4500</leader>
  <controlfield tag="001">18779151</controlfield>
  <controlfield tag="005">20200103150512.0</controlfield>
  <controlfield tag="008">150911s2016    nyua     b    001 0 eng c</controlfield>
  <datafield tag="906" ind1=" " ind2=" ">
    <subfield code="a">7</subfield>
    <subfield code="b">cbc</subfield>
    <subfield code="c">pccadap</subfield>
    <subfield code="d">2</subfield>
    <subfield code="e">epcn</subfield>
    <subfield code="f">20</subfield>
    <subfield code="g">y-gencatlg</subfield>
  </datafield>
  <datafield tag="925" ind1="0" ind2=" ">
    <subfield code="a">acquire</subfield>
    <subfield code="b">1 shelf copy</subfield>
    <subfield code="x">policy default</subfield>
  </datafield>
  <datafield tag="955" ind1=" " ind2=" ">
    <subfield code="b">rl09 2016-08-05 z-processor</subfield>
    <subfield code="i">rl09 2016-08-06 ; to Dewey</subfield>
    <subfield code="w">xm08 2016-09-19 (telework)</subfield>
    <subfield code="a">rl11 2017-06-28 264b corr.</subfield>
  </datafield>
  <datafield tag="955" ind1=" " ind2=" ">
    <subfield code="a">pc15 2015-09-11</subfield>
  </datafield>
  <datafield tag="010" ind1=" " ind2=" ">
    <subfield code="a">  2015951804</subfield>
  </datafield>
  <datafield tag="016" ind1="7" ind2=" ">
    <subfield code="a">101676372</subfield>
    <subfield code="2">DNLM</subfield>
  </datafield>
  <datafield tag="020" ind1=" " ind2=" ">
    <subfield code="a">9781493930333</subfield>
    <subfield code="q">(alk. paper)</subfield>
  </datafield>
  <datafield tag="020" ind1=" " ind2=" ">
    <subfield code="a">1493930338</subfield>
    <subfield code="q">(alk. paper)</subfield>
  </datafield>
  <datafield tag="020" ind1=" " ind2=" ">
    <subfield code="z">9781493930340</subfield>
    <subfield code="q">(eBook)</subfield>
  </datafield>
  <datafield tag="024" ind1="3" ind2=" ">
    <subfield code="a">9781493930333</subfield>
  </datafield>
  <datafield tag="035" ind1=" " ind2=" ">
    <subfield code="a">(OCoLC)ocn935108357</subfield>
  </datafield>
  <datafield tag="040" ind1=" " ind2=" ">
    <subfield code="a">NLM</subfield>
    <subfield code="b">eng</subfield>
    <subfield code="c">NLM</subfield>
    <subfield code="e">rda</subfield>
    <subfield code="d">OHX</subfield>
    <subfield code="d">YDXCP</subfield>
    <subfield code="d">BTCTA</subfield>
    <subfield code="d">NUI</subfield>
    <subfield code="d">GZM</subfield>
    <subfield code="d">OCLCO</subfield>
    <subfield code="d">IAL</subfield>
    <subfield code="d">OCLCQ</subfield>
    <subfield code="d">OCLCO</subfield>
    <subfield code="d">OCLCF</subfield>
    <subfield code="d">DLC</subfield>
  </datafield>
  <datafield tag="050" ind1="0" ind2="0">
    <subfield code="a">QH588.S83</subfield>
    <subfield code="b">P38 2016</subfield>
  </datafield>
  <datafield tag="060" ind1="0" ind2="0">
    <subfield code="a">W1</subfield>
    <subfield code="b">ME9616J v.1353 2016</subfield>
  </datafield>
  <datafield tag="060" ind1="1" ind2="0">
    <subfield code="a">QU 25</subfield>
  </datafield>
  <datafield tag="072" ind1=" " ind2="7">
    <subfield code="a">QP</subfield>
    <subfield code="2">lcco</subfield>
  </datafield>
  <datafield tag="082" ind1="0" ind2="0">
    <subfield code="a">616.02/774</subfield>
    <subfield code="2">23</subfield>
  </datafield>
  <datafield tag="245" ind1="0" ind2="0">
    <subfield code="a">Patient-specific induced pluripotent stem cell models :</subfield>
    <subfield code="b">generation and characterization /</subfield>
    <subfield code="c">edited by Andras Nagy, Lunenfeld-Tanenbaum Research Institute, Toronto, ON, Canada, Kursad Turksen, Ottawa Hospital Research Institute, Ottawa, ON, Canada.</subfield>
  </datafield>
  <datafield tag="264" ind1=" " ind2="1">
    <subfield code="a">New York :</subfield>
    <subfield code="b">Humana Press,</subfield>
    <subfield code="c">[2016]</subfield>
  </datafield>
  <datafield tag="300" ind1=" " ind2=" ">
    <subfield code="a">xiii, 368 pages :</subfield>
    <subfield code="b">illustrations ;</subfield>
    <subfield code="c">26 cm.</subfield>
  </datafield>
  <datafield tag="336" ind1=" " ind2=" ">
    <subfield code="a">text</subfield>
    <subfield code="b">txt</subfield>
    <subfield code="2">rdacontent</subfield>
  </datafield>
  <datafield tag="337" ind1=" " ind2=" ">
    <subfield code="a">unmediated</subfield>
    <subfield code="b">n</subfield>
    <subfield code="2">rdamedia</subfield>
  </datafield>
  <datafield tag="338" ind1=" " ind2=" ">
    <subfield code="a">volume</subfield>
    <subfield code="b">nc</subfield>
    <subfield code="2">rdacarrier</subfield>
  </datafield>
  <datafield tag="490" ind1="1" ind2=" ">
    <subfield code="a">Springer protocols,</subfield>
    <subfield code="x">1949-2448</subfield>
  </datafield>
  <datafield tag="490" ind1="1" ind2=" ">
    <subfield code="a">Methods in molecular biology,</subfield>
    <subfield code="x">1064-3745 ;</subfield>
    <subfield code="v">volume 1353</subfield>
  </datafield>
  <datafield tag="520" ind1=" " ind2=" ">
    <subfield code="a">This volume captures the rapid developments in the field of induced pluripotent stem (iPS) cells, which have provided novel opportunities and approaches both for better understanding a number of human diseases and for developing new platforms for drug development and screening for such diseases. Specifically, representative protocols on various disease models have been collected from labs around the world. Written for the highly successful Methods in Molecular Biology series, chapters include introductions to their respective topics, lists of the necessary materials and reagents, step-by-step, readily reproducible laboratory protocols, and tips on troubleshooting and avoiding known pitfalls. Authoritative and practical, Patient-Specific Induced Pluripotent Stem Cell Models: Generation and Characterization is an ideal reference for scientists working on furthering iPS research.--</subfield>
    <subfield code="c">Source other than Library of Congress.</subfield>
  </datafield>
  <datafield tag="504" ind1=" " ind2=" ">
    <subfield code="a">Includes bibliographical references and index.</subfield>
  </datafield>
  <datafield tag="505" ind1="0" ind2="0">
    <subfield code="t">Generation of patient-specific induced pluripotent stem cell from peripheral blood mononuclear cells by Sendai reprogramming vectors /</subfield>
    <subfield code="r">Oscar Quintana-Bustamante and Jose C. Segovia --</subfield>
    <subfield code="t">Doxycycline-inducible system for genetic correction of iPSC disease models /</subfield>
    <subfield code="r">Xiuli Sim [and others] --</subfield>
    <subfield code="t">Generation and characterization of patient-specific induced pluripotent stem cell for disease modeling /</subfield>
    <subfield code="r">Renuka Sivapatham and Xianmin Zeng --</subfield>
    <subfield code="t">Modeling genomic imprinting disorders using induced pluripotent stem cells /</subfield>
    <subfield code="r">Stormy J. Chamberlain [and others] --</subfield>
    <subfield code="t">Generation and characterization of induced pluripotent stem cells from patients with mtDNA mutations /</subfield>
    <subfield code="r">Riikka H. H€am€al€ainen and Anu Suomalainen --</subfield>
    <subfield code="t">Skin biopsy and patient-specific stem cell lines /</subfield>
    <subfield code="r">Yao Li, Huy V. Nguyen, and Stephen H. Tsang --</subfield>
    <subfield code="t">Directed myogenic differentiation of human induced pluripotent stem cells /</subfield>
    <subfield code="r">Emi Shoji, Knut Woltjen, and Hidetoshi Sakurai --</subfield>
    <subfield code="t">Using human induced pluripotent stem cells to model skeletal diseases /</subfield>
    <subfield code="r">Emilie Barruet and Edward C. Hsiao --</subfield>
    <subfield code="t">Modeling cardiovascular diseases with patient-specific human pluripotent stem cell-derived cardiomyocytes /</subfield>
    <subfield code="r">Paul W. Burridge [and others] --</subfield>
    <subfield code="t">Calcium imaging in pluripotent stem cell-derived cardiac myocytes /</subfield>
    <subfield code="r">Anna Walter [and others] --</subfield>
    <subfield code="t">Patient-specific induced pluripotent stem cell models : generation and characterization of cardiac cells /</subfield>
    <subfield code="r">Fabian Zanella and Farah Sheikh --</subfield>
    <subfield code="t">Differentiation of human pluripotent stem cells to cardiomyocytes under defined conditions /</subfield>
    <subfield code="r">Cathelijne W. van den Berg [and others] --</subfield>
    <subfield code="t">Generation of cardiomyocytes from pluripotent stem cells /</subfield>
    <subfield code="r">Hiroko Nakahama and Elisa Di Pasquale --</subfield>
    <subfield code="t">Generation and characterization of patient-specific iPSC model for cardiovascular disease /</subfield>
    <subfield code="r">Yee Ki Lee [and others] --</subfield>
    <subfield code="t">Transgene-free disease-specific iPSC generation from fibroblasts and peripheral blood mononuclear cells /</subfield>
    <subfield code="r">Kerem Fidan [and others] --</subfield>
    <subfield code="t">Generation and neuronal Differentiation of patient-specific induced pluripotent stem cells derived from Niemann-Pick type C1 fibroblasts /</subfield>
    <subfield code="r">Michaela Trilck, Rayk Hubner, and Moritz J. Frech --</subfield>
    <subfield code="t">Multisystemic disease modeling of liver-derived protein folding disorders using induced pluripotent stem cells (iPSCs) /</subfield>
    <subfield code="r">Amy Leung and George J. Murphy --</subfield>
    <subfield code="t">In vitro modeling of alcohol-induced liver injury using human-induced pluripotent stem cells /</subfield>
    <subfield code="r">Lipeng Tian, Neha Prasad, and Yoon-Young Jang --</subfield>
    <subfield code="t">Generation of human induced pluripotent stem cells using RNA-based sendai virus system and pluripotency validation of the resulting cell population /</subfield>
    <subfield code="r">Valeria Chichagova [and others] --</subfield>
    <subfield code="t">Modeling axonal phenotypes with human pluripotent stem cells /</subfield>
    <subfield code="r">Kyle R. Denton, Chong-Chong Xu, and Xue-Jun Li --</subfield>
    <subfield code="t">Mitochondrial disease-specific induced pluripotent stem cell models : generation and characterization /</subfield>
    <subfield code="r">Xuan Zhang [and others] --</subfield>
    <subfield code="t">Patient-specific induced pluripotent stem cell models : characterization of iPS cell-derived cardiomyocytes /</subfield>
    <subfield code="r">Toru Egashira [and others] --</subfield>
    <subfield code="t">Generation of integration-free patient specific iPS cells using episomal plasmids under feeder free conditions /</subfield>
    <subfield code="r">Sara Caxaria [and others].</subfield>
  </datafield>
  <datafield tag="650" ind1=" " ind2="0">
    <subfield code="a">Stem cells.</subfield>
  </datafield>
  <datafield tag="650" ind1=" " ind2="0">
    <subfield code="a">Cytology.</subfield>
  </datafield>
  <datafield tag="650" ind1="1" ind2="2">
    <subfield code="a">Induced Pluripotent Stem Cells.</subfield>
  </datafield>
  <datafield tag="650" ind1="2" ind2="2">
    <subfield code="a">Patient-Specific Modeling.</subfield>
  </datafield>
  <datafield tag="655" ind1=" " ind2="2">
    <subfield code="a">Laboratory Manuals.</subfield>
  </datafield>
  <datafield tag="650" ind1=" " ind2="7">
    <subfield code="a">Cytology.</subfield>
    <subfield code="2">fast</subfield>
    <subfield code="0">(OCoLC)fst00886282</subfield>
  </datafield>
  <datafield tag="650" ind1=" " ind2="7">
    <subfield code="a">Stem cells.</subfield>
    <subfield code="2">fast</subfield>
    <subfield code="0">(OCoLC)fst01132975</subfield>
  </datafield>
  <datafield tag="700" ind1="1" ind2=" ">
    <subfield code="a">Nagy, Andras,</subfield>
    <subfield code="d">1951-</subfield>
    <subfield code="e">editor.</subfield>
  </datafield>
  <datafield tag="700" ind1="1" ind2=" ">
    <subfield code="a">Turksen, Kursad,</subfield>
    <subfield code="e">editor.</subfield>
  </datafield>
  <datafield tag="830" ind1=" " ind2="0">
    <subfield code="a">Springer protocols (Series)</subfield>
    <subfield code="x">1949-2448</subfield>
  </datafield>
  <datafield tag="830" ind1=" " ind2="0">
    <subfield code="a">Methods in molecular biology (Clifton, N.J.) ;</subfield>
    <subfield code="v">v. 1353.</subfield>
    <subfield code="x">1064-3745</subfield>
  </datafield>
  <datafield tag="856" ind1="4" ind2="2">
    <subfield code="3">Publisher description</subfield>
    <subfield code="u">https://www.loc.gov/catdir/enhancements/fy1622/2015951804-d.html</subfield>
  </datafield>
  <datafield tag="856" ind1="4" ind2="1">
    <subfield code="3">Table of contents only</subfield>
    <subfield code="u">https://www.loc.gov/catdir/enhancements/fy1622/2015951804-t.html</subfield>
  </datafield>
</record>