
<record>
  <leader>01453cam a22003017i 4500</leader>
  <controlfield tag="001">18779892</controlfield>
  <controlfield tag="005">20200103120748.0</controlfield>
  <controlfield tag="008">150910s2015    enka     b    001 0 eng c</controlfield>
  <datafield tag="906" ind1=" " ind2=" ">
    <subfield code="a">7</subfield>
    <subfield code="b">cbc</subfield>
    <subfield code="c">orignew</subfield>
    <subfield code="d">1</subfield>
    <subfield code="e">ecip</subfield>
    <subfield code="f">20</subfield>
    <subfield code="g">y-gencatlg</subfield>
  </datafield>
  <datafield tag="925" ind1="0" ind2=" ">
    <subfield code="a">acquire</subfield>
    <subfield code="b">1 shelf copy</subfield>
    <subfield code="x">policy default</subfield>
    <subfield code="e">claim1  2016-04-05</subfield>
    <subfield code="e">claim2  2016-09-08</subfield>
    <subfield code="e">to CAD  2017-01-25</subfield>
  </datafield>
  <datafield tag="955" ind1=" " ind2=" ">
    <subfield code="a">WaSeSS</subfield>
    <subfield code="e">rk09 2015-09-15 to Dewey</subfield>
    <subfield code="w">xl06 2015-09-15</subfield>
    <subfield code="a">xn11 2017-03-21 1 copy rec&apos;d., to CIP ver.</subfield>
    <subfield code="f">rk21 2017-04-01 to CALM</subfield>
  </datafield>
  <datafield tag="010" ind1=" " ind2=" ">
    <subfield code="a">  2015031839</subfield>
  </datafield>
  <datafield tag="020" ind1=" " ind2=" ">
    <subfield code="a">9781118703281 (hbk.)</subfield>
  </datafield>
  <datafield tag="040" ind1=" " ind2=" ">
    <subfield code="a">WaSeSS/DLC</subfield>
    <subfield code="b">eng</subfield>
    <subfield code="e">rda</subfield>
    <subfield code="c">WaSeSS</subfield>
    <subfield code="d">DLC</subfield>
  </datafield>
  <datafield tag="050" ind1="0" ind2="0">
    <subfield code="a">TN773</subfield>
    <subfield code="b">.L635 2015</subfield>
  </datafield>
  <datafield tag="082" ind1="0" ind2="0">
    <subfield code="a">669/.72</subfield>
    <subfield code="2">23</subfield>
  </datafield>
  <datafield tag="245" ind1="0" ind2="4">
    <subfield code="a">The lightest metals :</subfield>
    <subfield code="b">science and technology from lithium to calcium /</subfield>
    <subfield code="c">editor, Timothy P. Hanusa, Vanderbilt University, Nashville, TN, USA.</subfield>
  </datafield>
  <datafield tag="264" ind1=" " ind2="1">
    <subfield code="a">Chichester, West Sussex ;</subfield>
    <subfield code="a">[Hoboken, NJ] :</subfield>
    <subfield code="b">John Wiley &amp; Sons,</subfield>
    <subfield code="c">2015.</subfield>
  </datafield>
  <datafield tag="300" ind1=" " ind2=" ">
    <subfield code="a">xiii, 474 pages :</subfield>
    <subfield code="b">illustrations (some color) ;</subfield>
    <subfield code="c">29 cm</subfield>
  </datafield>
  <datafield tag="336" ind1=" " ind2=" ">
    <subfield code="a">text</subfield>
    <subfield code="2">rdacontent</subfield>
  </datafield>
  <datafield tag="337" ind1=" " ind2=" ">
    <subfield code="a">unmediated</subfield>
    <subfield code="2">rdamedia</subfield>
  </datafield>
  <datafield tag="338" ind1=" " ind2=" ">
    <subfield code="a">volume</subfield>
    <subfield code="2">rdacarrier</subfield>
  </datafield>
  <datafield tag="504" ind1=" " ind2=" ">
    <subfield code="a">Includes bibliographical references and index.</subfield>
  </datafield>
  <datafield tag="505" ind1="0" ind2=" ">
    <subfield code="a">Part 1. Background -- Part 2. Fundamentals -- Part 3. Applications.</subfield>
  </datafield>
  <datafield tag="650" ind1=" " ind2="0">
    <subfield code="a">Light metals</subfield>
    <subfield code="x">Metallurgy.</subfield>
  </datafield>
  <datafield tag="700" ind1="1" ind2=" ">
    <subfield code="a">Hanusa, Timothy Paul,</subfield>
    <subfield code="d">1956-</subfield>
    <subfield code="e">editor.</subfield>
  </datafield>
  <datafield tag="776" ind1="0" ind2="8">
    <subfield code="i">Online version:</subfield>
    <subfield code="t">Lightest metals</subfield>
    <subfield code="d">Chichester, UK ; Hoboken, NJ : John Wiley &amp; Sons, 2015</subfield>
    <subfield code="z">9781118751435</subfield>
    <subfield code="w">(DLC) 2015036338</subfield>
  </datafield>
  <datafield tag="985" ind1=" " ind2=" ">
    <subfield code="a">WaSeSSCIP</subfield>
    <subfield code="d">2015-09-11</subfield>
  </datafield>
</record>