
<record>
  <leader>02634cam a22003857i 4500</leader>
  <controlfield tag="001">18784108</controlfield>
  <controlfield tag="005">20200103150513.0</controlfield>
  <controlfield tag="008">150915s2016    enk      b    000 0 eng c</controlfield>
  <datafield tag="906" ind1=" " ind2=" ">
    <subfield code="a">7</subfield>
    <subfield code="b">cbc</subfield>
    <subfield code="c">pccadap</subfield>
    <subfield code="d">2</subfield>
    <subfield code="e">ncip</subfield>
    <subfield code="f">20</subfield>
    <subfield code="g">y-gencatlg</subfield>
  </datafield>
  <datafield tag="925" ind1="0" ind2=" ">
    <subfield code="a">acquire</subfield>
    <subfield code="b">1 shelf copy</subfield>
    <subfield code="x">Sel/rjc, 2016-04-22</subfield>
  </datafield>
  <datafield tag="955" ind1=" " ind2=" ">
    <subfield code="a">pc15 2015-09-15</subfield>
    <subfield code="a">xn05 2016-06-27 1 copy to USASH</subfield>
    <subfield code="b">rl02 2016-06-29 z-processor</subfield>
    <subfield code="a">rl02 2016-06-29 to USASH/SS</subfield>
    <subfield code="i">rm06 2016-07-08 to CALM</subfield>
  </datafield>
  <datafield tag="010" ind1=" " ind2=" ">
    <subfield code="a">  2015952161</subfield>
  </datafield>
  <datafield tag="020" ind1=" " ind2=" ">
    <subfield code="a">3034318596</subfield>
  </datafield>
  <datafield tag="020" ind1=" " ind2=" ">
    <subfield code="a">9783034318594</subfield>
  </datafield>
  <datafield tag="020" ind1=" " ind2=" ">
    <subfield code="a">9783035308044</subfield>
  </datafield>
  <datafield tag="020" ind1=" " ind2=" ">
    <subfield code="a">3035308047</subfield>
  </datafield>
  <datafield tag="035" ind1=" " ind2=" ">
    <subfield code="a">(OCoLC)ocn946059002</subfield>
  </datafield>
  <datafield tag="040" ind1=" " ind2=" ">
    <subfield code="a">YDXCP</subfield>
    <subfield code="b">eng</subfield>
    <subfield code="c">YDXCP</subfield>
    <subfield code="e">rda</subfield>
    <subfield code="d">BTCTA</subfield>
    <subfield code="d">OCLCO</subfield>
    <subfield code="d">OCLCF</subfield>
    <subfield code="d">NOC</subfield>
    <subfield code="d">COO</subfield>
    <subfield code="d">DLC</subfield>
  </datafield>
  <datafield tag="050" ind1="0" ind2="0">
    <subfield code="a">HM1121</subfield>
    <subfield code="b">.C374 2016</subfield>
  </datafield>
  <datafield tag="245" ind1="0" ind2="0">
    <subfield code="a">Cartographies of differences :</subfield>
    <subfield code="b">interdisciplinary perspectives /</subfield>
    <subfield code="c">edited by Ulrike M. Vieten and Gill Valentine.</subfield>
  </datafield>
  <datafield tag="264" ind1=" " ind2="1">
    <subfield code="a">Oxford ;</subfield>
    <subfield code="a">Bern ;</subfield>
    <subfield code="a">Berlin ;</subfield>
    <subfield code="a">Bruxelles ;</subfield>
    <subfield code="a">Frankfurt am Main ;</subfield>
    <subfield code="a">New York :</subfield>
    <subfield code="b">Peter Lang,</subfield>
    <subfield code="c">[2016]</subfield>
  </datafield>
  <datafield tag="300" ind1=" " ind2=" ">
    <subfield code="a">231 pages ;</subfield>
    <subfield code="c">23 cm.</subfield>
  </datafield>
  <datafield tag="336" ind1=" " ind2=" ">
    <subfield code="a">text</subfield>
    <subfield code="b">txt</subfield>
    <subfield code="2">rdacontent</subfield>
  </datafield>
  <datafield tag="337" ind1=" " ind2=" ">
    <subfield code="a">unmediated</subfield>
    <subfield code="b">n</subfield>
    <subfield code="2">rdamedia</subfield>
  </datafield>
  <datafield tag="338" ind1=" " ind2=" ">
    <subfield code="a">volume</subfield>
    <subfield code="b">nc</subfield>
    <subfield code="2">rdacarrier</subfield>
  </datafield>
  <datafield tag="490" ind1="1" ind2=" ">
    <subfield code="a">New visions of the cosmopolitan ;</subfield>
    <subfield code="v">volume 5</subfield>
  </datafield>
  <datafield tag="505" ind1="0" ind2=" ">
    <subfield code="a">Unpacking prejudice : narratives of homophobia in cross-national context / Aneta Piekut and Gill Valentine -- When beliefs become property : liberal legal discourse, employee resistance and anti-gay Christian politics / Davina Cooper and Didi Herman -- Facial difference, consumer culture and being &apos;normal&apos; / Rosemary Peacock, Anita Sargeant and Neil Small -- National belonging in cosmopolitan times / Nichola Wood -- Notions of conflict and &apos;new&apos; citizens&apos; inclusion : post-cosmopolitan contestations in Germany / Ulrike M. Vieten -- Everyday active citizenship the Balkan way : local civil society and the practice of &apos;bridge building&apos; in two post-Yugoslav cities / Piotr Goldstein -- The territorial principle : language rights and linguistic minorities in Spain and Italy, 1992-2010 / Naomi Wells -- Conducting qualitative research in English and Spanish : recognising the active roles of participants in cross-linguistic and cross-cultural projects / Rosa Mas Giralt -- Visible difference, stigmatising language(s) and the discursive construction of prejudices against others in Leeds and Warsaw / Ulrike M. Vieten and Anna Gawlewicz.</subfield>
  </datafield>
  <datafield tag="650" ind1=" " ind2="0">
    <subfield code="a">Culture conflict.</subfield>
  </datafield>
  <datafield tag="650" ind1=" " ind2="0">
    <subfield code="a">Cultural pluralism.</subfield>
  </datafield>
  <datafield tag="650" ind1=" " ind2="0">
    <subfield code="a">Social conflict.</subfield>
  </datafield>
  <datafield tag="650" ind1=" " ind2="0">
    <subfield code="a">Social norms.</subfield>
  </datafield>
  <datafield tag="650" ind1=" " ind2="7">
    <subfield code="a">Cultural pluralism.</subfield>
    <subfield code="2">fast</subfield>
    <subfield code="0">(OCoLC)fst01715991</subfield>
  </datafield>
  <datafield tag="700" ind1="1" ind2=" ">
    <subfield code="a">Vieten, Ulrike,</subfield>
    <subfield code="e">editor.</subfield>
  </datafield>
  <datafield tag="700" ind1="1" ind2=" ">
    <subfield code="a">Valentine, Gill,</subfield>
    <subfield code="d">1965-</subfield>
    <subfield code="e">editor.</subfield>
  </datafield>
  <datafield tag="830" ind1=" " ind2="0">
    <subfield code="a">New visions of the cosmopolitan ;</subfield>
    <subfield code="v">v. 5.</subfield>
  </datafield>
</record>