
<record>
  <leader>02709cam a22003255i 4500</leader>
  <controlfield tag="001">18785992</controlfield>
  <controlfield tag="005">20200103095124.0</controlfield>
  <controlfield tag="008">150917t20142013bl            000 0 por  </controlfield>
  <datafield tag="906" ind1=" " ind2=" ">
    <subfield code="a">0</subfield>
    <subfield code="b">ibc</subfield>
    <subfield code="c">origode</subfield>
    <subfield code="d">3</subfield>
    <subfield code="e">ncip</subfield>
    <subfield code="f">20</subfield>
    <subfield code="g">y-gencatlg</subfield>
  </datafield>
  <datafield tag="925" ind1="0" ind2=" ">
    <subfield code="a">acquire</subfield>
    <subfield code="b">1 shelf copy</subfield>
    <subfield code="x">policy default</subfield>
  </datafield>
  <datafield tag="955" ind1=" " ind2=" ">
    <subfield code="b">wr18 2015-09-17</subfield>
    <subfield code="c">wr11 2020-01-03</subfield>
    <subfield code="d">wr11 2020-01-03</subfield>
    <subfield code="e">wr11 2020-01-03 to I/R Office Section</subfield>
  </datafield>
  <datafield tag="010" ind1=" " ind2=" ">
    <subfield code="a">  2015444338</subfield>
  </datafield>
  <datafield tag="020" ind1=" " ind2=" ">
    <subfield code="a">9788535636222</subfield>
  </datafield>
  <datafield tag="040" ind1=" " ind2=" ">
    <subfield code="a">DLC</subfield>
    <subfield code="b">eng</subfield>
    <subfield code="c">DLC</subfield>
    <subfield code="e">rda</subfield>
  </datafield>
  <datafield tag="042" ind1=" " ind2=" ">
    <subfield code="a">lcode</subfield>
    <subfield code="a">pcc</subfield>
  </datafield>
  <datafield tag="043" ind1=" " ind2=" ">
    <subfield code="a">s-bl---</subfield>
  </datafield>
  <datafield tag="050" ind1="0" ind2="0">
    <subfield code="a">BX1378.7</subfield>
    <subfield code="b">.F73 2013</subfield>
  </datafield>
  <datafield tag="100" ind1="1" ind2=" ">
    <subfield code="a">Francis,</subfield>
    <subfield code="c">Pope,</subfield>
    <subfield code="d">1936-</subfield>
    <subfield code="e">author.</subfield>
  </datafield>
  <datafield tag="245" ind1="1" ind2="0">
    <subfield code="a">Palavras do Papa Francisco no Brasil.</subfield>
  </datafield>
  <datafield tag="250" ind1=" " ind2=" ">
    <subfield code="a">1a̲ edição 2013, 6a reimpressão 2014.</subfield>
  </datafield>
  <datafield tag="264" ind1=" " ind2="1">
    <subfield code="a">São Paulo, SP, Brasil :</subfield>
    <subfield code="b">Paulinas,</subfield>
    <subfield code="c">2013.</subfield>
  </datafield>
  <datafield tag="300" ind1=" " ind2=" ">
    <subfield code="a">156 pages ;</subfield>
    <subfield code="c">18 cm</subfield>
  </datafield>
  <datafield tag="336" ind1=" " ind2=" ">
    <subfield code="a">text</subfield>
    <subfield code="b">txt</subfield>
    <subfield code="2">rdacontent</subfield>
  </datafield>
  <datafield tag="337" ind1=" " ind2=" ">
    <subfield code="a">unmediated</subfield>
    <subfield code="b">n</subfield>
    <subfield code="2">rdamedia</subfield>
  </datafield>
  <datafield tag="338" ind1=" " ind2=" ">
    <subfield code="a">volume</subfield>
    <subfield code="b">nc</subfield>
    <subfield code="2">rdacarrier</subfield>
  </datafield>
  <datafield tag="505" ind1="0" ind2=" ">
    <subfield code="a">Encontro com os jornalistas durante o voo para o Brasil -- Cerimônia de boas-vindas - Discurso do Santo Padre Francisco -- Santa Missa na Basílica do Santuário Nacional Nossa Senhora Aparecida - Homilia do Santo Padre -- Palavras do Santo Padre depois da Santa Missa na Basílica do Santuário de Nossa Senhora Aparecida -- Visita ao Hospital São Francisco de Assis na Providência de Deus - Discurso do Santo Padre -- Palavras do Santo Padre aos jovens italianos no final da visita ao Hospital São Francisoc de Assis na Providência de Deus -- Visita à Comunidade de Varginha (Manguinhos) - Discurso do Santo Padre -- Encontro com os jovens argentinos na Catedral de São Sebastião - Palavra do Santo Padre Francisco -- Festa de acolhida dos jovens - Saudação e homilia do Santo Padre -- Alocução do Santo Padre - Hora de Ave-Maria/Angelus -- Via-Sacra com os jovens - Palavras do Santo Padre -- Santa Missa com os Bispos da JMJ, sacerdotes, religiosos e seminaristas - Homilia do Santo Padre -- Encontro com a classe dirigente do Brasil - Discurso do Santo Padre -- Encontro com o Episcopado Brasileiro - Discurso do Santo Padre -- Entrevista dod Santo Padre à Rádio da Arquidiocese do Rio de Janeiro -- Vigília de oração com os jovens - Discurso do Santo Padre Francisco -- Santa Missa para a XXVIII Jornada Mundial da Juventude - Homilia do Santo Padre -- Alocução do Santo Padre - Angelus -- Encontro com a Comissão de Coordenação do CELAM no Centro de Estudos do Sumaré -- Encontro com os voluntários da XXVIIIJMJ - Discurso do Santo Padre -- Cerimônia de despedida - Discurso do Santo Padre.</subfield>
  </datafield>
  <datafield tag="600" ind1="1" ind2="0">
    <subfield code="a">Francis,</subfield>
    <subfield code="c">Pope,</subfield>
    <subfield code="d">1936-</subfield>
  </datafield>
  <datafield tag="650" ind1=" " ind2="0">
    <subfield code="a">Brazil</subfield>
    <subfield code="x">Church history.</subfield>
  </datafield>
  <datafield tag="650" ind1=" " ind2="0">
    <subfield code="a">Papal visits</subfield>
    <subfield code="z">Brazil.</subfield>
  </datafield>
  <datafield tag="985" ind1=" " ind2=" ">
    <subfield code="e">ODE-rj</subfield>
  </datafield>
</record>