
<record>
  <leader>02410cam a2200469 i 4500</leader>
  <controlfield tag="001">18788026</controlfield>
  <controlfield tag="005">20200103165244.0</controlfield>
  <controlfield tag="008">150918s2014    bl ab    b   l000 0 por d</controlfield>
  <datafield tag="906" ind1=" " ind2=" ">
    <subfield code="a">7</subfield>
    <subfield code="b">cbc</subfield>
    <subfield code="c">copycat</subfield>
    <subfield code="d">2</subfield>
    <subfield code="e">ncip</subfield>
    <subfield code="f">20</subfield>
    <subfield code="g">y-gencatlg</subfield>
  </datafield>
  <datafield tag="925" ind1="0" ind2=" ">
    <subfield code="a">acquire</subfield>
    <subfield code="b">1 shelf copy</subfield>
    <subfield code="x">policy default</subfield>
  </datafield>
  <datafield tag="955" ind1=" " ind2=" ">
    <subfield code="b">wr25 2018-03-28 z-processor</subfield>
    <subfield code="c">wr25 2018-03-28</subfield>
    <subfield code="d">wr25 2018-03-28</subfield>
    <subfield code="e">wr25 2018-03-28 to Dewey</subfield>
    <subfield code="c">wr08 2019-08-14</subfield>
    <subfield code="a">be22 2019-11-21 Box 31 of 33 SRM received; sent to Dewey</subfield>
    <subfield code="w">xm09 2020-01-03</subfield>
  </datafield>
  <datafield tag="955" ind1=" " ind2=" ">
    <subfield code="a">wr21 2015-09-18</subfield>
  </datafield>
  <datafield tag="010" ind1=" " ind2=" ">
    <subfield code="a">  2015444425</subfield>
  </datafield>
  <datafield tag="020" ind1=" " ind2=" ">
    <subfield code="a">9788564011038</subfield>
  </datafield>
  <datafield tag="020" ind1=" " ind2=" ">
    <subfield code="a">8564011034</subfield>
  </datafield>
  <datafield tag="035" ind1=" " ind2=" ">
    <subfield code="a">(OCoLC)ocn953619747</subfield>
  </datafield>
  <datafield tag="040" ind1=" " ind2=" ">
    <subfield code="a">NDD</subfield>
    <subfield code="b">eng</subfield>
    <subfield code="c">NDD</subfield>
    <subfield code="e">rda</subfield>
    <subfield code="d">OCLCF</subfield>
    <subfield code="d">DLC</subfield>
  </datafield>
  <datafield tag="041" ind1="1" ind2=" ">
    <subfield code="a">por</subfield>
    <subfield code="a">ger</subfield>
    <subfield code="h">ger</subfield>
  </datafield>
  <datafield tag="042" ind1=" " ind2=" ">
    <subfield code="a">lcode</subfield>
    <subfield code="a">lccopycat</subfield>
  </datafield>
  <datafield tag="043" ind1=" " ind2=" ">
    <subfield code="a">s-bl---</subfield>
  </datafield>
  <datafield tag="050" ind1="0" ind2="0">
    <subfield code="a">F2561</subfield>
    <subfield code="b">.T495 2014</subfield>
  </datafield>
  <datafield tag="082" ind1="0" ind2="0">
    <subfield code="a">981/.52</subfield>
    <subfield code="2">23</subfield>
  </datafield>
  <datafield tag="100" ind1="0" ind2=" ">
    <subfield code="a">Therese,</subfield>
    <subfield code="c">Princess of Bavaria,</subfield>
    <subfield code="d">1850-1925,</subfield>
    <subfield code="e">author.</subfield>
  </datafield>
  <datafield tag="240" ind1="1" ind2="0">
    <subfield code="a">Meine Reise in den Brasilianischen Tropen.</subfield>
    <subfield code="n">Kapitel 16-18.</subfield>
    <subfield code="l">Portuguese</subfield>
  </datafield>
  <datafield tag="245" ind1="1" ind2="0">
    <subfield code="a">Viagem pelos trópicos brasileiros :</subfield>
    <subfield code="b">província do Espírito Santo /</subfield>
    <subfield code="c">Princesa Teresa da Baviera ; tradução de Ivan Seibel ; organização de Maria Clara Medeiros Santos Neves.</subfield>
  </datafield>
  <datafield tag="264" ind1=" " ind2="1">
    <subfield code="a">[Vila Velha, Espírito Santo, Brazil] :</subfield>
    <subfield code="b">Prefeitura Municipal de Vila Velha :</subfield>
    <subfield code="b">Phoenix Cultura,</subfield>
    <subfield code="c">[2014]</subfield>
  </datafield>
  <datafield tag="300" ind1=" " ind2=" ">
    <subfield code="a">1 volume (various pagings) :</subfield>
    <subfield code="b">illustrations, maps ;</subfield>
    <subfield code="c">25 cm</subfield>
  </datafield>
  <datafield tag="336" ind1=" " ind2=" ">
    <subfield code="a">text</subfield>
    <subfield code="b">txt</subfield>
    <subfield code="2">rdacontent</subfield>
  </datafield>
  <datafield tag="337" ind1=" " ind2=" ">
    <subfield code="a">unmediated</subfield>
    <subfield code="b">n</subfield>
    <subfield code="2">rdamedia</subfield>
  </datafield>
  <datafield tag="338" ind1=" " ind2=" ">
    <subfield code="a">volume</subfield>
    <subfield code="b">nc</subfield>
    <subfield code="2">rdacarrier</subfield>
  </datafield>
  <datafield tag="546" ind1=" " ind2=" ">
    <subfield code="a">Portuguese translation of chapters XVI-XVIII and new critical materials; German original at end.</subfield>
  </datafield>
  <datafield tag="500" ind1=" " ind2=" ">
    <subfield code="a">Originally published as: Meine Reise in den Brasilianischen Tropen. Berlin : Verlag von Dietrich Reimer, 1897.</subfield>
  </datafield>
  <datafield tag="504" ind1=" " ind2=" ">
    <subfield code="a">Includes bibliographical references.</subfield>
  </datafield>
  <datafield tag="600" ind1="0" ind2="0">
    <subfield code="a">Therese,</subfield>
    <subfield code="c">Princess of Bavaria,</subfield>
    <subfield code="d">1850-1925</subfield>
    <subfield code="x">Travel</subfield>
    <subfield code="z">Brazil</subfield>
    <subfield code="z">Espírito Santo (State)</subfield>
  </datafield>
  <datafield tag="651" ind1=" " ind2="0">
    <subfield code="a">Espírito Santo (Brazil : State)</subfield>
    <subfield code="x">Description and travel.</subfield>
  </datafield>
  <datafield tag="600" ind1="0" ind2="7">
    <subfield code="a">Therese,</subfield>
    <subfield code="c">Princess of Bavaria,</subfield>
    <subfield code="d">1850-1925.</subfield>
    <subfield code="2">fast</subfield>
    <subfield code="0">(OCoLC)fst01948154</subfield>
  </datafield>
  <datafield tag="650" ind1=" " ind2="7">
    <subfield code="a">Travel.</subfield>
    <subfield code="2">fast</subfield>
    <subfield code="0">(OCoLC)fst01155558</subfield>
  </datafield>
  <datafield tag="651" ind1=" " ind2="7">
    <subfield code="a">Brazil</subfield>
    <subfield code="z">Espírito Santo (State)</subfield>
    <subfield code="2">fast</subfield>
    <subfield code="0">(OCoLC)fst01330187</subfield>
  </datafield>
  <datafield tag="700" ind1="1" ind2=" ">
    <subfield code="a">Seibel, Ivan,</subfield>
    <subfield code="e">translator.</subfield>
  </datafield>
  <datafield tag="700" ind1="1" ind2=" ">
    <subfield code="a">Neves, Maria Clara Medeiros Santos,</subfield>
    <subfield code="d">1958-</subfield>
    <subfield code="e">editor.</subfield>
  </datafield>
  <datafield tag="700" ind1="0" ind2="2">
    <subfield code="i">Container of (work):</subfield>
    <subfield code="a">Therese,</subfield>
    <subfield code="c">Princess of Bavaria,</subfield>
    <subfield code="d">1850-1925.</subfield>
    <subfield code="t">Meine Reise in den Brasilianischen Tropen.</subfield>
    <subfield code="n">Kapitel 16-18.</subfield>
  </datafield>
  <datafield tag="985" ind1=" " ind2=" ">
    <subfield code="e">ODE-rj</subfield>
  </datafield>
</record>