
<record>
  <leader>03964cam a22004217i 4500</leader>
  <controlfield tag="001">18790886</controlfield>
  <controlfield tag="005">20200103150513.0</controlfield>
  <controlfield tag="008">150921s2016    nyu      b    001 0 eng  </controlfield>
  <datafield tag="906" ind1=" " ind2=" ">
    <subfield code="a">7</subfield>
    <subfield code="b">cbc</subfield>
    <subfield code="c">orignew</subfield>
    <subfield code="d">1</subfield>
    <subfield code="e">ecip</subfield>
    <subfield code="f">20</subfield>
    <subfield code="g">y-gencatlg</subfield>
  </datafield>
  <datafield tag="925" ind1="0" ind2=" ">
    <subfield code="a">acquire</subfield>
    <subfield code="b">2 shelf copies</subfield>
    <subfield code="x">policy default (ex.)</subfield>
  </datafield>
  <datafield tag="955" ind1=" " ind2=" ">
    <subfield code="b">rm13 2015-09-21</subfield>
    <subfield code="c">rm13 2015-09-21 ONIX (telework)</subfield>
    <subfield code="d">rm03 2015-09-28</subfield>
    <subfield code="e">rm11 2015-09-29 to Dewey</subfield>
    <subfield code="w">xl03 2015-09-30</subfield>
    <subfield code="a">xn05 2016-03-01 1 copy rec&apos;d., to CIP ver.</subfield>
    <subfield code="f">rm06 2016-03-09 to CALM</subfield>
    <subfield code="t">rm11 2017-04-06 copy 2 to CALM</subfield>
  </datafield>
  <datafield tag="010" ind1=" " ind2=" ">
    <subfield code="a">  2015029936</subfield>
  </datafield>
  <datafield tag="020" ind1=" " ind2=" ">
    <subfield code="a">9781476751504 (hardback)</subfield>
  </datafield>
  <datafield tag="020" ind1=" " ind2=" ">
    <subfield code="a">1476751501</subfield>
  </datafield>
  <datafield tag="040" ind1=" " ind2=" ">
    <subfield code="a">DLC</subfield>
    <subfield code="b">eng</subfield>
    <subfield code="c">DLC</subfield>
    <subfield code="e">rda</subfield>
    <subfield code="d">DLC</subfield>
  </datafield>
  <datafield tag="043" ind1=" " ind2=" ">
    <subfield code="a">n-us---</subfield>
  </datafield>
  <datafield tag="050" ind1="0" ind2="0">
    <subfield code="a">HF5382.75.U6</subfield>
    <subfield code="b">C49 2016</subfield>
  </datafield>
  <datafield tag="082" ind1="0" ind2="0">
    <subfield code="a">650.1</subfield>
    <subfield code="2">23</subfield>
  </datafield>
  <datafield tag="084" ind1=" " ind2=" ">
    <subfield code="a">BUS012000</subfield>
    <subfield code="a">SEL000000</subfield>
    <subfield code="2">bisacsh</subfield>
  </datafield>
  <datafield tag="100" ind1="1" ind2=" ">
    <subfield code="a">Chideya, Farai.</subfield>
  </datafield>
  <datafield tag="245" ind1="1" ind2="4">
    <subfield code="a">The episodic career :</subfield>
    <subfield code="b">how to thrive at work in the age of disruption /</subfield>
    <subfield code="c">Farai Chideya.</subfield>
  </datafield>
  <datafield tag="250" ind1=" " ind2=" ">
    <subfield code="a">First Edition.</subfield>
  </datafield>
  <datafield tag="264" ind1=" " ind2="1">
    <subfield code="a">New York :</subfield>
    <subfield code="b">Atria Books,</subfield>
    <subfield code="c">[2016]</subfield>
  </datafield>
  <datafield tag="300" ind1=" " ind2=" ">
    <subfield code="a">x, 290 pages ;</subfield>
    <subfield code="c">24 cm</subfield>
  </datafield>
  <datafield tag="336" ind1=" " ind2=" ">
    <subfield code="a">text</subfield>
    <subfield code="2">rdacontent</subfield>
  </datafield>
  <datafield tag="337" ind1=" " ind2=" ">
    <subfield code="a">unmediated</subfield>
    <subfield code="2">rdamedia</subfield>
  </datafield>
  <datafield tag="338" ind1=" " ind2=" ">
    <subfield code="a">volume</subfield>
    <subfield code="2">rdacarrier</subfield>
  </datafield>
  <datafield tag="500" ind1=" " ind2=" ">
    <subfield code="a">Includes index.</subfield>
  </datafield>
  <datafield tag="504" ind1=" " ind2=" ">
    <subfield code="a">Includes bibliographical references (pages 273-278) and index.</subfield>
  </datafield>
  <datafield tag="520" ind1=" " ind2=" ">
    <subfield code="a">&quot;Find your most rewarding place in today&apos;s economy. Award-winning author, researcher, and analyst Farai Chideya offers a practical guide to the ways in which work in America is changing and how you can navigate today&apos;s volatile job market.  Since the Great Recession of 2007-2009, America&apos;s work landscape has changed dramatically. Many people experienced long-term unemployment that eroded their savings, and the globalized economy means that not just jobs but entire career tracks are created and destroyed in front of our eyes. We&apos;re living in an age of rapid disruption where we can barely adjust to one new reality before a new new reality comes along.  So how are we supposed to live a rewarding life--working fulfilling, stable jobs that also cover our monthly expenses--in such a chaotic economy?   In The Episodic Career, Farai Chideya explores the landscape of employment in America. Profiling the rich, the poor, and people from every strata in between, Chideya seeks to understand the many kinds of work we do--for example, not just job fields, but whether we seek to build institutions or seek social change while earning money. In addition, Chideya provides a self-diagnostic tool to help you find your work/life &quot;sweet spot.&quot; You&apos;ll see how different types of people have navigated their careers and forged their own paths even in times of hardship. As a young reporter at Newsweek, CNN, and ABC, Chideya realized that her working-class Baltimore childhood and factors like Ivy League education affected how people viewed her, and she takes a frank look at stereotypes, employment discrimination, and how to create healthy workplaces. Ultimately, she asks how we as a country can sustain the American Dream.  Knowledge of the workplace is power over your career. The Episodic Career provides the big-picture vision of the world economy, as well as the particulars of salary, family, health, and lifestyle that you need to thrive in a rapidly changing world&quot;--</subfield>
    <subfield code="c">Provided by publisher.</subfield>
  </datafield>
  <datafield tag="520" ind1=" " ind2=" ">
    <subfield code="a">&quot;A practical guide to the ways in which work in America is changing and how you can navigate today&apos;s volatile job market&quot;--</subfield>
    <subfield code="c">Provided by publisher.</subfield>
  </datafield>
  <datafield tag="650" ind1=" " ind2="0">
    <subfield code="a">Job hunting</subfield>
    <subfield code="z">United States</subfield>
    <subfield code="x">History</subfield>
    <subfield code="y">21st century.</subfield>
  </datafield>
  <datafield tag="650" ind1=" " ind2="0">
    <subfield code="a">Vocational guidance</subfield>
    <subfield code="z">United States</subfield>
    <subfield code="x">History</subfield>
    <subfield code="y">21st century.</subfield>
  </datafield>
  <datafield tag="650" ind1=" " ind2="7">
    <subfield code="a">BUSINESS &amp; ECONOMICS / Careers / General.</subfield>
    <subfield code="2">bisacsh</subfield>
  </datafield>
  <datafield tag="650" ind1=" " ind2="7">
    <subfield code="a">SELF-HELP / General.</subfield>
    <subfield code="2">bisacsh</subfield>
  </datafield>
  <datafield tag="856" ind1="4" ind2="2">
    <subfield code="3">Contributor biographical information</subfield>
    <subfield code="u">http://www.loc.gov/catdir/enhancements/fy1603/2015029936-b.html</subfield>
  </datafield>
  <datafield tag="856" ind1="4" ind2="2">
    <subfield code="3">Publisher description</subfield>
    <subfield code="u">http://www.loc.gov/catdir/enhancements/fy1603/2015029936-d.html</subfield>
  </datafield>
  <datafield tag="856" ind1="4" ind2="1">
    <subfield code="3">Sample text</subfield>
    <subfield code="u">http://www.loc.gov/catdir/enhancements/fy1604/2015029936-s.html</subfield>
  </datafield>
</record>