
<record>
  <leader>01646cam a22003497i 4500</leader>
  <controlfield tag="001">18792074</controlfield>
  <controlfield tag="005">20200103120752.0</controlfield>
  <controlfield tag="008">150922s2015    dcuab    b    001 0 eng  </controlfield>
  <datafield tag="906" ind1=" " ind2=" ">
    <subfield code="a">7</subfield>
    <subfield code="b">cbc</subfield>
    <subfield code="c">orignew</subfield>
    <subfield code="d">1</subfield>
    <subfield code="e">ecip</subfield>
    <subfield code="f">20</subfield>
    <subfield code="g">y-gencatlg</subfield>
  </datafield>
  <datafield tag="925" ind1="0" ind2=" ">
    <subfield code="a">acquire</subfield>
    <subfield code="b">1 shelf copy</subfield>
    <subfield code="x">policy default</subfield>
    <subfield code="e">claim1  2016-03-03</subfield>
  </datafield>
  <datafield tag="955" ind1=" " ind2=" ">
    <subfield code="b">rm15 2015-09-22</subfield>
    <subfield code="i">rm15 2015-09-22 (telework)</subfield>
    <subfield code="a">rm15 2015-09-22 to Dewey</subfield>
    <subfield code="w">xl03 2015-09-22</subfield>
    <subfield code="a">xn12 2016-03-14 1 copy rec&apos;d., to CIP ver.</subfield>
    <subfield code="f">rl06 2016-06-16 to CALM</subfield>
  </datafield>
  <datafield tag="010" ind1=" " ind2=" ">
    <subfield code="a">  2015033575</subfield>
  </datafield>
  <datafield tag="020" ind1=" " ind2=" ">
    <subfield code="z">9781464807121 (ebk)</subfield>
  </datafield>
  <datafield tag="020" ind1=" " ind2=" ">
    <subfield code="a">9781464807107 (alk. paper)</subfield>
  </datafield>
  <datafield tag="040" ind1=" " ind2=" ">
    <subfield code="a">DLC</subfield>
    <subfield code="b">eng</subfield>
    <subfield code="c">DLC</subfield>
    <subfield code="e">rda</subfield>
    <subfield code="d">DLC</subfield>
  </datafield>
  <datafield tag="043" ind1=" " ind2=" ">
    <subfield code="a">a-bg---</subfield>
  </datafield>
  <datafield tag="050" ind1="0" ind2="0">
    <subfield code="a">TC504.65</subfield>
    <subfield code="b">.D38 2015</subfield>
  </datafield>
  <datafield tag="082" ind1="0" ind2="0">
    <subfield code="a">363.34/9360954922</subfield>
    <subfield code="2">23</subfield>
  </datafield>
  <datafield tag="100" ind1="1" ind2=" ">
    <subfield code="a">Dasgupta, Susmita,</subfield>
    <subfield code="d">1961-</subfield>
    <subfield code="e">author.</subfield>
  </datafield>
  <datafield tag="245" ind1="1" ind2="0">
    <subfield code="a">Urban flooding of greater Dhaka in a changing climate :</subfield>
    <subfield code="b">building local resilience to disaster risk /</subfield>
    <subfield code="c">Susmita Dasgupta, Asif Zaman, Subhendu Roy, Mainul Huq, Sarwar Jahan, and Ainun Nishat.</subfield>
  </datafield>
  <datafield tag="264" ind1=" " ind2="1">
    <subfield code="a">Washington, DC :</subfield>
    <subfield code="b">World Bank,</subfield>
    <subfield code="c">[ 2015]</subfield>
  </datafield>
  <datafield tag="300" ind1=" " ind2=" ">
    <subfield code="a">xxix, 224 pages :</subfield>
    <subfield code="b">illustrations, maps ;</subfield>
    <subfield code="c">26 cm</subfield>
  </datafield>
  <datafield tag="336" ind1=" " ind2=" ">
    <subfield code="a">text</subfield>
    <subfield code="2">rdacontent</subfield>
  </datafield>
  <datafield tag="337" ind1=" " ind2=" ">
    <subfield code="a">unmediated</subfield>
    <subfield code="2">rdamedia</subfield>
  </datafield>
  <datafield tag="338" ind1=" " ind2=" ">
    <subfield code="a">volume</subfield>
    <subfield code="2">rdacarrier</subfield>
  </datafield>
  <datafield tag="504" ind1=" " ind2=" ">
    <subfield code="a">Includes bibliographical references and index.</subfield>
  </datafield>
  <datafield tag="650" ind1=" " ind2="0">
    <subfield code="a">Flood damage prevention</subfield>
    <subfield code="z">Bangladesh</subfield>
    <subfield code="z">Dhaka.</subfield>
  </datafield>
  <datafield tag="650" ind1=" " ind2="0">
    <subfield code="a">Floods</subfield>
    <subfield code="z">Bangladesh</subfield>
    <subfield code="z">Dhaka.</subfield>
  </datafield>
  <datafield tag="650" ind1=" " ind2="0">
    <subfield code="a">Flood control</subfield>
    <subfield code="z">Bangladesh</subfield>
    <subfield code="z">Dhaka.</subfield>
  </datafield>
  <datafield tag="650" ind1=" " ind2="0">
    <subfield code="a">Climatic changes</subfield>
    <subfield code="z">Bangladesh</subfield>
    <subfield code="z">Dhaka.</subfield>
  </datafield>
  <datafield tag="710" ind1="2" ind2=" ">
    <subfield code="a">World Bank.</subfield>
  </datafield>
  <datafield tag="776" ind1="0" ind2="8">
    <subfield code="i">Online version:</subfield>
    <subfield code="a">Dasgupta, Susmita, 1961- author.</subfield>
    <subfield code="t">Urban flooding of greater Dhaka in a changing climate</subfield>
    <subfield code="d">Washington, DC : World Bank, 2015</subfield>
    <subfield code="z">9781464807121</subfield>
    <subfield code="w">(DLC) 2015037334</subfield>
  </datafield>
</record>