
<record>
  <leader>04144cam a22004217i 4500</leader>
  <controlfield tag="001">18792562</controlfield>
  <controlfield tag="005">20200103150514.0</controlfield>
  <controlfield tag="008">150921t20162016nyua     b    001 0 eng  </controlfield>
  <datafield tag="906" ind1=" " ind2=" ">
    <subfield code="a">7</subfield>
    <subfield code="b">cbc</subfield>
    <subfield code="c">orignew</subfield>
    <subfield code="d">1</subfield>
    <subfield code="e">ecip</subfield>
    <subfield code="f">20</subfield>
    <subfield code="g">y-gencatlg</subfield>
  </datafield>
  <datafield tag="925" ind1="0" ind2=" ">
    <subfield code="a">acquire</subfield>
    <subfield code="b">1 shelf copy</subfield>
    <subfield code="x">policy default</subfield>
  </datafield>
  <datafield tag="955" ind1=" " ind2=" ">
    <subfield code="d">xl05 2015-09-23</subfield>
    <subfield code="w">xl05 2015-09-23 (telework)</subfield>
    <subfield code="a">xn12 2016-07-18 1 copy rec&apos;d., to CIP ver.</subfield>
    <subfield code="f">rl09 2016-07-20 ; to BCCD</subfield>
  </datafield>
  <datafield tag="010" ind1=" " ind2=" ">
    <subfield code="a">  2015036958</subfield>
  </datafield>
  <datafield tag="020" ind1=" " ind2=" ">
    <subfield code="a">9780826119964</subfield>
  </datafield>
  <datafield tag="020" ind1=" " ind2=" ">
    <subfield code="a">0826119964</subfield>
  </datafield>
  <datafield tag="020" ind1=" " ind2=" ">
    <subfield code="z">9780826119971 (e-book)</subfield>
  </datafield>
  <datafield tag="035" ind1=" " ind2=" ">
    <subfield code="a">(DNLM)101668777</subfield>
  </datafield>
  <datafield tag="040" ind1=" " ind2=" ">
    <subfield code="a">DNLM/DLC</subfield>
    <subfield code="b">eng</subfield>
    <subfield code="c">DLC</subfield>
    <subfield code="e">rda</subfield>
    <subfield code="d">DLC</subfield>
  </datafield>
  <datafield tag="050" ind1="0" ind2="0">
    <subfield code="a">RT86.5</subfield>
    <subfield code="b">.J442 2016</subfield>
  </datafield>
  <datafield tag="060" ind1="1" ind2="0">
    <subfield code="a">WY 18</subfield>
  </datafield>
  <datafield tag="082" ind1="0" ind2="0">
    <subfield code="a">610.73</subfield>
    <subfield code="2">23</subfield>
  </datafield>
  <datafield tag="100" ind1="1" ind2=" ">
    <subfield code="a">Jeffreys, Marianne R.,</subfield>
    <subfield code="e">author.</subfield>
  </datafield>
  <datafield tag="245" ind1="1" ind2="0">
    <subfield code="a">Teaching cultural competence in nursing and health care inquiry, action, and innovation /</subfield>
    <subfield code="c">Marianne R. Jeffreys, EdD, RN.</subfield>
  </datafield>
  <datafield tag="250" ind1=" " ind2=" ">
    <subfield code="a">Third edition.</subfield>
  </datafield>
  <datafield tag="264" ind1=" " ind2="1">
    <subfield code="a">New York :</subfield>
    <subfield code="b">Springer Publishing Company,</subfield>
    <subfield code="c">[2016]</subfield>
  </datafield>
  <datafield tag="264" ind1=" " ind2="4">
    <subfield code="c">©2016</subfield>
  </datafield>
  <datafield tag="300" ind1=" " ind2=" ">
    <subfield code="a">xxi, 592 pages :</subfield>
    <subfield code="b">illustrations ;</subfield>
    <subfield code="c">23 cm</subfield>
  </datafield>
  <datafield tag="336" ind1=" " ind2=" ">
    <subfield code="a">text</subfield>
    <subfield code="2">rdacontent</subfield>
  </datafield>
  <datafield tag="337" ind1=" " ind2=" ">
    <subfield code="a">unmediated</subfield>
    <subfield code="2">rdamedia</subfield>
  </datafield>
  <datafield tag="338" ind1=" " ind2=" ">
    <subfield code="a">volume</subfield>
    <subfield code="2">rdacarrier</subfield>
  </datafield>
  <datafield tag="504" ind1=" " ind2=" ">
    <subfield code="a">Includes bibliographical references and index.</subfield>
  </datafield>
  <datafield tag="505" ind1="0" ind2=" ">
    <subfield code="a">Overview of key issues and concerns, with contribution from Kevin Antoine -- Dynamics of diversity : becoming better health care providers through cultural competence -- A model to guide cultural competence education -- Transcultural self-efficacy tool (TSET), with contributions from Ayla Bayik Temel, Fatma Basalan Iz, Jing Chen, Mark Fridline, Faye J. Grund, Pavlos Sarafis, Sharon See, Lisa Young, Carol Reece, Maria Malliarou, Margaret M. Halter -- A guide for interpreting learners&apos; transcultural self-efficacy perceptions, identifying at-risk individuals, and avoiding pitfalls -- Cultural competence clinical evaluation tool (CCCET) and clinical setting assessment -- Tool-diversity and disparity (CSAT-DD), with contributions from Enis Dogan and Lynn Schmidt -- Academic settings : general overview, faculty self-assessment, and curriculum evaluation, with contributions from Grace Hoyer, Joanne K. Singleton, Jason T. Slyer, Patricia Burrell, Phyllis D. Barham, Richardean Benjamin, Phyllis M. Eaton, Kay Palmer, Carolyn M. Rutledge, and Lynn Wiles -- Enhancing cultural competence : face-to-face classrooms, hybrid, and online with contributions from Theresa M. Adams and Kathleen M. Nevel -- Enhancing cultural competence : clinical settings, immersion experiences, service-learning, simulation and nursing skills laboratory with contributions from Polly M. McArthur, Sandra J. Mixer, Susan Fancher, Rachelle Larsen, Polly M. McArthur, Roxanne Amerson, LuAnn Reif, and Monique Rogers-Walker -- Case exemplar : linking strategies-spotlight on the cultural discovery integrated -- Approach with contributions from Mary O&apos;Donnell and Judy Xiao -- Case exemplar : linking strategies-spotlight on the innovative field trip experience with contributions from Lenore Bertone, Jo-Ann Douglas, Vivien Li and Sara Newman -- Faculty advisement and helpfulness : a culturally congruent approach -- Health care institutions : general overview, inquiry, action, and innovation with contributions from Jeanette Velez, Stephen R. Marrone and Carolyn Bloch -- Case exemplar : linking strategies-spotlight on employee orientation programs to enhance cultural competence with contributions from Cynthia Karczewski -- Case exemplar : linking strategies-spotlight on employee inservice education to enhance cultural competence with contributions from Patricia Bartley-Daniele and Karen Kennedy -- Professional associations : general overview, inquiry, action, and innovation with contributions from Michelle Romano, Stephen R. Marrone, Eleanor T. Campbell, John Collins, and Margaret Andrews -- New priorities : challenges and future directions.</subfield>
  </datafield>
  <datafield tag="650" ind1=" " ind2="0">
    <subfield code="a">Transcultural nursing.</subfield>
  </datafield>
  <datafield tag="650" ind1=" " ind2="0">
    <subfield code="a">Minorities</subfield>
    <subfield code="x">Medical care.</subfield>
  </datafield>
  <datafield tag="650" ind1=" " ind2="0">
    <subfield code="a">Nursing</subfield>
    <subfield code="x">Social aspects.</subfield>
  </datafield>
  <datafield tag="650" ind1="1" ind2="2">
    <subfield code="a">Transcultural Nursing</subfield>
    <subfield code="x">education.</subfield>
  </datafield>
  <datafield tag="650" ind1="2" ind2="2">
    <subfield code="a">Cultural Competency</subfield>
    <subfield code="x">education.</subfield>
  </datafield>
  <datafield tag="952" ind1=" " ind2=" ">
    <subfield code="a">To LC: Prev. ed. LCCN 2012405308</subfield>
  </datafield>
  <datafield tag="985" ind1=" " ind2=" ">
    <subfield code="a">NLMCIP</subfield>
    <subfield code="d">2015-09-23</subfield>
  </datafield>
</record>