
<record>
  <leader>02279cam a22004457i 4500</leader>
  <controlfield tag="001">18793508</controlfield>
  <controlfield tag="005">20200103120753.0</controlfield>
  <controlfield tag="008">150923s2015    akub     b   f000 0 eng c</controlfield>
  <datafield tag="906" ind1=" " ind2=" ">
    <subfield code="a">7</subfield>
    <subfield code="b">cbc</subfield>
    <subfield code="c">pccadap</subfield>
    <subfield code="d">2</subfield>
    <subfield code="e">ncip</subfield>
    <subfield code="f">20</subfield>
    <subfield code="g">y-gencatlg</subfield>
  </datafield>
  <datafield tag="925" ind1="0" ind2=" ">
    <subfield code="a">acquire</subfield>
    <subfield code="b">1 shelf copy</subfield>
    <subfield code="x">policy default</subfield>
  </datafield>
  <datafield tag="955" ind1=" " ind2=" ">
    <subfield code="b">hg14 2015-09-23</subfield>
    <subfield code="i">hc08 2016-03-31 z-processor</subfield>
    <subfield code="i">hc08 2016-03-31 to Dewey</subfield>
    <subfield code="w">xm08 2016-04-25 (telework)</subfield>
  </datafield>
  <datafield tag="010" ind1=" " ind2=" ">
    <subfield code="a">  2014496971</subfield>
  </datafield>
  <datafield tag="035" ind1=" " ind2=" ">
    <subfield code="a">(OCoLC)ocn923022657</subfield>
  </datafield>
  <datafield tag="040" ind1=" " ind2=" ">
    <subfield code="a">AGL</subfield>
    <subfield code="b">eng</subfield>
    <subfield code="c">AGL</subfield>
    <subfield code="e">rda</subfield>
    <subfield code="d">OCLCO</subfield>
    <subfield code="d">GPO</subfield>
    <subfield code="d">OCLCF</subfield>
    <subfield code="d">DLC</subfield>
  </datafield>
  <datafield tag="050" ind1="0" ind2="0">
    <subfield code="a">SD428.C58</subfield>
    <subfield code="b">S49 2015</subfield>
  </datafield>
  <datafield tag="082" ind1="0" ind2="0">
    <subfield code="a">634.9/209798</subfield>
    <subfield code="2">23</subfield>
  </datafield>
  <datafield tag="086" ind1="0" ind2=" ">
    <subfield code="a">A 13.105/2:R 10-MB-789 B</subfield>
  </datafield>
  <datafield tag="110" ind1="1" ind2=" ">
    <subfield code="a">Seward Ranger District (Alaska),</subfield>
    <subfield code="e">author.</subfield>
  </datafield>
  <datafield tag="245" ind1="1" ind2="0">
    <subfield code="a">Record of decision :</subfield>
    <subfield code="b">Resurrection Creek phase II : stream and riparian restoration project and Hope Mining Company proposed mining plan of operations.</subfield>
  </datafield>
  <datafield tag="246" ind1="1" ind2="7">
    <subfield code="a">Resurrection Creek phase II stream restoration / Hope Mining Company plan of operations :</subfield>
    <subfield code="b">record of decision</subfield>
  </datafield>
  <datafield tag="246" ind1="3" ind2="0">
    <subfield code="a">Resurrection Creek phase II :</subfield>
    <subfield code="b">stream and riparian restoration project and Hope Mining Company proposed mining plan of operations</subfield>
  </datafield>
  <datafield tag="264" ind1=" " ind2="1">
    <subfield code="a">[Anchorage, Alaska?] :</subfield>
    <subfield code="b">United States Department of Agriculture, Forest Service, Chugach National Forest, Seward Ranger District,</subfield>
    <subfield code="c">[2015]</subfield>
  </datafield>
  <datafield tag="300" ind1=" " ind2=" ">
    <subfield code="a">i, 41 pages :</subfield>
    <subfield code="b">color maps ;</subfield>
    <subfield code="c">28 cm.</subfield>
  </datafield>
  <datafield tag="336" ind1=" " ind2=" ">
    <subfield code="a">text</subfield>
    <subfield code="b">txt</subfield>
    <subfield code="2">rdacontent</subfield>
  </datafield>
  <datafield tag="337" ind1=" " ind2=" ">
    <subfield code="a">unmediated</subfield>
    <subfield code="b">n</subfield>
    <subfield code="2">rdamedia</subfield>
  </datafield>
  <datafield tag="338" ind1=" " ind2=" ">
    <subfield code="a">volume</subfield>
    <subfield code="b">nc</subfield>
    <subfield code="2">rdacarrier</subfield>
  </datafield>
  <datafield tag="490" ind1="0" ind2=" ">
    <subfield code="a">R10-MB ;</subfield>
    <subfield code="v">789b</subfield>
  </datafield>
  <datafield tag="500" ind1=" " ind2=" ">
    <subfield code="a">Cover title.</subfield>
  </datafield>
  <datafield tag="500" ind1=" " ind2=" ">
    <subfield code="a">&quot;July 2015.&quot;</subfield>
  </datafield>
  <datafield tag="500" ind1=" " ind2=" ">
    <subfield code="a">Format not distributed to depository libraries.</subfield>
  </datafield>
  <datafield tag="504" ind1=" " ind2=" ">
    <subfield code="a">Includes bibliographical references (page 19).</subfield>
  </datafield>
  <datafield tag="650" ind1=" " ind2="0">
    <subfield code="a">Forest management</subfield>
    <subfield code="z">Alaska</subfield>
    <subfield code="z">Chugach National Forest.</subfield>
  </datafield>
  <datafield tag="650" ind1=" " ind2="0">
    <subfield code="a">Gold mines and mining</subfield>
    <subfield code="x">Environmental aspects</subfield>
    <subfield code="z">Alaska</subfield>
    <subfield code="z">Chugach National Forest.</subfield>
  </datafield>
  <datafield tag="650" ind1=" " ind2="0">
    <subfield code="a">Stream restoration</subfield>
    <subfield code="z">Alaska</subfield>
    <subfield code="z">Chugach National Forest.</subfield>
  </datafield>
  <datafield tag="650" ind1=" " ind2="0">
    <subfield code="a">Riparian restoration</subfield>
    <subfield code="z">Alaska</subfield>
    <subfield code="z">Chugach National Forest.</subfield>
  </datafield>
  <datafield tag="650" ind1=" " ind2="7">
    <subfield code="a">Forest management.</subfield>
    <subfield code="2">fast</subfield>
    <subfield code="0">(OCoLC)fst00932231</subfield>
  </datafield>
  <datafield tag="650" ind1=" " ind2="7">
    <subfield code="a">Gold mines and mining</subfield>
    <subfield code="x">Environmental aspects.</subfield>
    <subfield code="2">fast</subfield>
    <subfield code="0">(OCoLC)fst00944475</subfield>
  </datafield>
  <datafield tag="650" ind1=" " ind2="7">
    <subfield code="a">Riparian restoration.</subfield>
    <subfield code="2">fast</subfield>
    <subfield code="0">(OCoLC)fst01098099</subfield>
  </datafield>
  <datafield tag="650" ind1=" " ind2="7">
    <subfield code="a">Stream restoration.</subfield>
    <subfield code="2">fast</subfield>
    <subfield code="0">(OCoLC)fst01134607</subfield>
  </datafield>
  <datafield tag="651" ind1=" " ind2="7">
    <subfield code="a">Alaska</subfield>
    <subfield code="z">Chugach National Forest.</subfield>
    <subfield code="2">fast</subfield>
    <subfield code="0">(OCoLC)fst01307600</subfield>
  </datafield>
</record>