
<record>
  <leader>03226cam a22003497i 4500</leader>
  <controlfield tag="001">18795809</controlfield>
  <controlfield tag="005">20200103120754.0</controlfield>
  <controlfield tag="008">150531s2015    be a          001 0 dut  </controlfield>
  <datafield tag="906" ind1=" " ind2=" ">
    <subfield code="a">7</subfield>
    <subfield code="b">cbc</subfield>
    <subfield code="c">origres</subfield>
    <subfield code="d">3</subfield>
    <subfield code="e">ncip</subfield>
    <subfield code="f">20</subfield>
    <subfield code="g">y-gencatlg</subfield>
  </datafield>
  <datafield tag="925" ind1="0" ind2=" ">
    <subfield code="a">acquire</subfield>
    <subfield code="b">1 shelf copy</subfield>
    <subfield code="x">policy default</subfield>
  </datafield>
  <datafield tag="955" ind1=" " ind2=" ">
    <subfield code="b">bd09 2015-10-01</subfield>
    <subfield code="b">bc12 2018-03-29 z-processor (telework)</subfield>
    <subfield code="i">bc12 2018-04-23 (telework)</subfield>
    <subfield code="e">bc12 2018-04-24 to BCCD (ABAchecked &amp; Labeled)</subfield>
  </datafield>
  <datafield tag="010" ind1=" " ind2=" ">
    <subfield code="a">  2015475617</subfield>
  </datafield>
  <datafield tag="020" ind1=" " ind2=" ">
    <subfield code="a">9789079705214</subfield>
    <subfield code="q">(paperback)</subfield>
  </datafield>
  <datafield tag="020" ind1=" " ind2=" ">
    <subfield code="a">9079705217</subfield>
    <subfield code="q">(paperback)</subfield>
  </datafield>
  <datafield tag="040" ind1=" " ind2=" ">
    <subfield code="a">DLC</subfield>
    <subfield code="c">DLC</subfield>
  </datafield>
  <datafield tag="050" ind1="0" ind2="0">
    <subfield code="a">DJ241</subfield>
    <subfield code="b">.O58 2015</subfield>
  </datafield>
  <datafield tag="245" ind1="0" ind2="4">
    <subfield code="a">Het (on)verenigd koninkrijk, 1815-1830 &gt; 2015 :</subfield>
    <subfield code="b">een politiek experiment in de Lage Landen /</subfield>
    <subfield code="c">onder redactie van Remieg Aerts &amp; Gita Deneckere.</subfield>
  </datafield>
  <datafield tag="246" ind1="3" ind2=" ">
    <subfield code="a">Onverenigd koninkrijk, 1815-1830 &gt; 2015</subfield>
  </datafield>
  <datafield tag="264" ind1=" " ind2="1">
    <subfield code="a">Rekkem :</subfield>
    <subfield code="b">Ons Erfdeel vzw,</subfield>
    <subfield code="c">[2015]</subfield>
  </datafield>
  <datafield tag="300" ind1=" " ind2=" ">
    <subfield code="a">238 pages :</subfield>
    <subfield code="b">illustrations ;</subfield>
    <subfield code="c">24 cm</subfield>
  </datafield>
  <datafield tag="336" ind1=" " ind2=" ">
    <subfield code="a">text</subfield>
    <subfield code="b">txt</subfield>
    <subfield code="2">rdacontent</subfield>
  </datafield>
  <datafield tag="337" ind1=" " ind2=" ">
    <subfield code="a">unmediated</subfield>
    <subfield code="b">n</subfield>
    <subfield code="2">rdamedia</subfield>
  </datafield>
  <datafield tag="338" ind1=" " ind2=" ">
    <subfield code="a">volume</subfield>
    <subfield code="b">nc</subfield>
    <subfield code="2">rdacarrier</subfield>
  </datafield>
  <datafield tag="504" ind1=" " ind2=" ">
    <subfield code="a">Includes bibliographical references and indexes.</subfield>
  </datafield>
  <datafield tag="520" ind1="8" ind2=" ">
    <subfield code="a">In 2015 is het tweehonderd jaar geleden dat Willem I vorst werd van het Verenigd Koninkrijk der Nederlanden. Met &apos;Het (on)Verenigd Koninkrijk der Nederlanden&apos; publiceert Ons Erfdeel vzw een boek over deze korte, maar boeiende periode (1815-1830) waarin België en Nederland één staat vormden. In een twintigtal artikelen worden vijf grote thema&apos;s behandeld: 01. De internationale context. Hierin wordt de voorgeschiedenis van Noord en Zuid geschetst voor ze tijdens het Congres van Wenen door de Europese grootmachten in het Verenigd Koninkrijk werden samengebracht. Ook het bestuurssysteem dat Willem I uitbouwde en de natievorming tijdens de periode van het Verenigd Koninkrijk komen aan bod. 02. Een regionale benadering. De verhouding tussen lokaal, regionaal en provinciaal besef enerzijds en nationaal besef anderzijds is een aspect dat onderschat is. In hoeverre bestond er zelfs binnen de samenstellende delen van het koninkrijk een afgerond nationaal besef? 03. De publieke ruimte. Hoe is de publieke ruimte georganiseerd? In dit hoofdstuk gaat het over genootschappen, rederijkers en vrijmetselarij, over cultuurdragers en een grensoverschrijdend nationaal cultureel netwerk. 04. Analyse van een desintegratie. Het uiteenvallen van het Verenigd Koninkrijk der Nederlanden was het gevolg van een combinatie van factoren. De taalpolitiek van Willem I was er een van, maar ook zijn kerkpolitiek en elementen van zijn economisch en fiscaal beleid. 05. En wat na 1830? Na de splitsing bleef het orangisme een tijd opkomen voor de eenheid tussen Noord en Zuid. De samenwerking op het vlak van taal en letteren kwam traag weer op gang, en nog later werd de Groot-Nederlandse gedachte in sommige hoofden gedroomd. 0In een epiloog peilt Geert van Istendael naar de staat van de samenwerking Vlaanderen-Nederland anno 2015.</subfield>
  </datafield>
  <datafield tag="651" ind1=" " ind2="0">
    <subfield code="a">Netherlands</subfield>
    <subfield code="x">History</subfield>
    <subfield code="y">1815-1830.</subfield>
  </datafield>
  <datafield tag="651" ind1=" " ind2="0">
    <subfield code="a">Belgium</subfield>
    <subfield code="x">History</subfield>
    <subfield code="y">1814-1830.</subfield>
  </datafield>
  <datafield tag="600" ind1="0" ind2="0">
    <subfield code="a">William</subfield>
    <subfield code="b">I,</subfield>
    <subfield code="c">King of the Netherlands,</subfield>
    <subfield code="d">1772-1843.</subfield>
  </datafield>
  <datafield tag="700" ind1="1" ind2=" ">
    <subfield code="a">Aerts, Remieg,</subfield>
    <subfield code="e">editor.</subfield>
  </datafield>
  <datafield tag="700" ind1="1" ind2=" ">
    <subfield code="a">Deneckere, Gita,</subfield>
    <subfield code="d">1964-</subfield>
    <subfield code="e">editor.</subfield>
  </datafield>
  <datafield tag="923" ind1=" " ind2=" ">
    <subfield code="d">20150619</subfield>
    <subfield code="n">50017079</subfield>
    <subfield code="s">NL-AmEBA</subfield>
  </datafield>
  <datafield tag="985" ind1=" " ind2=" ">
    <subfield code="e">VENDOR LOAD</subfield>
  </datafield>
</record>