
<record>
  <leader>02218cam a22004217i 4500</leader>
  <controlfield tag="001">18798863</controlfield>
  <controlfield tag="005">20200103120756.0</controlfield>
  <controlfield tag="008">150929s2015    mdua     b   f000 0 eng c</controlfield>
  <datafield tag="906" ind1=" " ind2=" ">
    <subfield code="a">7</subfield>
    <subfield code="b">cbc</subfield>
    <subfield code="c">pccadap</subfield>
    <subfield code="d">3</subfield>
    <subfield code="e">ncip</subfield>
    <subfield code="f">20</subfield>
    <subfield code="g">y-gencatlg</subfield>
  </datafield>
  <datafield tag="925" ind1="0" ind2=" ">
    <subfield code="a">acquire</subfield>
    <subfield code="b">1 shelf copy</subfield>
    <subfield code="x">policy default</subfield>
  </datafield>
  <datafield tag="955" ind1=" " ind2=" ">
    <subfield code="b">hg14 2015-09-29</subfield>
    <subfield code="i">hc08 2015-12-11 z-processor</subfield>
    <subfield code="i">hc08 2015-12-11 to BCCD</subfield>
  </datafield>
  <datafield tag="010" ind1=" " ind2=" ">
    <subfield code="a">  2015461184</subfield>
  </datafield>
  <datafield tag="035" ind1=" " ind2=" ">
    <subfield code="a">(OCoLC)ocn927175230</subfield>
  </datafield>
  <datafield tag="040" ind1=" " ind2=" ">
    <subfield code="a">GPO</subfield>
    <subfield code="b">eng</subfield>
    <subfield code="c">GPO</subfield>
    <subfield code="e">rda</subfield>
    <subfield code="d">GPO</subfield>
    <subfield code="d">DLC</subfield>
  </datafield>
  <datafield tag="043" ind1=" " ind2=" ">
    <subfield code="a">n-us-ny</subfield>
    <subfield code="a">n-us-nj</subfield>
  </datafield>
  <datafield tag="050" ind1="0" ind2="0">
    <subfield code="a">HV636 2012.N7</subfield>
    <subfield code="b">C65 2015</subfield>
  </datafield>
  <datafield tag="086" ind1="0" ind2=" ">
    <subfield code="a">C 55.13/2:NMFS-F/SPO-157</subfield>
  </datafield>
  <datafield tag="100" ind1="1" ind2=" ">
    <subfield code="a">Colburn, Lisa L.</subfield>
    <subfield code="q">(Lisa Lynne),</subfield>
    <subfield code="e">author.</subfield>
  </datafield>
  <datafield tag="245" ind1="1" ind2="0">
    <subfield code="a">Social and economic impacts of hurricane/post tropical cyclone Sandy on the commercial and recreational fishing industries :</subfield>
    <subfield code="b">New York and New Jersey one year later /</subfield>
    <subfield code="c">Lisa L. Colburn [and four others].</subfield>
  </datafield>
  <datafield tag="264" ind1=" " ind2="1">
    <subfield code="a">[Silver Spring, Md.] :</subfield>
    <subfield code="b">U.S. Department of Commerce, National Oceanic and Atmospheric Administration, National Marine Fisheries Service,</subfield>
    <subfield code="c">2015.</subfield>
  </datafield>
  <datafield tag="300" ind1=" " ind2=" ">
    <subfield code="a">ix, 68 pages :</subfield>
    <subfield code="b">color illustrations ;</subfield>
    <subfield code="c">28 cm.</subfield>
  </datafield>
  <datafield tag="336" ind1=" " ind2=" ">
    <subfield code="a">text</subfield>
    <subfield code="b">txt</subfield>
    <subfield code="2">rdacontent</subfield>
  </datafield>
  <datafield tag="337" ind1=" " ind2=" ">
    <subfield code="a">unmediated</subfield>
    <subfield code="b">n</subfield>
    <subfield code="2">rdamedia</subfield>
  </datafield>
  <datafield tag="338" ind1=" " ind2=" ">
    <subfield code="a">volume</subfield>
    <subfield code="b">nc</subfield>
    <subfield code="2">rdacarrier</subfield>
  </datafield>
  <datafield tag="490" ind1="0" ind2=" ">
    <subfield code="a">NOAA technical memorandum NMFS-F/SPO ;</subfield>
    <subfield code="v">157</subfield>
  </datafield>
  <datafield tag="500" ind1=" " ind2=" ">
    <subfield code="a">Format not distributed to depository libraries.</subfield>
  </datafield>
  <datafield tag="500" ind1=" " ind2=" ">
    <subfield code="a">&quot;August 2015.&quot;</subfield>
  </datafield>
  <datafield tag="504" ind1=" " ind2=" ">
    <subfield code="a">Includes bibliographical references (pages 33-35).</subfield>
  </datafield>
  <datafield tag="650" ind1=" " ind2="0">
    <subfield code="a">Hurricane Sandy, 2012</subfield>
    <subfield code="x">Social aspects.</subfield>
  </datafield>
  <datafield tag="650" ind1=" " ind2="0">
    <subfield code="a">Hurricane Sandy, 2012</subfield>
    <subfield code="x">Economic aspects.</subfield>
  </datafield>
  <datafield tag="650" ind1=" " ind2="0">
    <subfield code="a">Hurricane damage</subfield>
    <subfield code="x">Economic aspects</subfield>
    <subfield code="z">New York (State)</subfield>
  </datafield>
  <datafield tag="650" ind1=" " ind2="0">
    <subfield code="a">Hurricane damage</subfield>
    <subfield code="x">Economic aspects</subfield>
    <subfield code="z">New Jersey.</subfield>
  </datafield>
  <datafield tag="650" ind1=" " ind2="0">
    <subfield code="a">Hurricane damage</subfield>
    <subfield code="x">Social aspects</subfield>
    <subfield code="z">New York (State)</subfield>
  </datafield>
  <datafield tag="650" ind1=" " ind2="0">
    <subfield code="a">Hurricane damage</subfield>
    <subfield code="x">Social aspects</subfield>
    <subfield code="z">New Jersey.</subfield>
  </datafield>
  <datafield tag="650" ind1=" " ind2="0">
    <subfield code="a">Fisheries</subfield>
    <subfield code="x">Equipment and supplies</subfield>
    <subfield code="x">Hurricane effects</subfield>
    <subfield code="z">New York (State)</subfield>
  </datafield>
  <datafield tag="650" ind1=" " ind2="0">
    <subfield code="a">Fisheries</subfield>
    <subfield code="x">Equipment and supplies</subfield>
    <subfield code="x">Hurricane effects</subfield>
    <subfield code="z">New Jersey.</subfield>
  </datafield>
  <datafield tag="710" ind1="1" ind2=" ">
    <subfield code="a">United States.</subfield>
    <subfield code="b">National Marine Fisheries Service,</subfield>
    <subfield code="e">issuing body.</subfield>
  </datafield>
  <datafield tag="776" ind1="0" ind2="8">
    <subfield code="i">Online version:</subfield>
    <subfield code="a">Colburn, Lisa L. (Lisa Lynne).</subfield>
    <subfield code="t">Social and economic impacts of hurricane/post tropical cyclone Sandy on the commercial and recreational fishing industries</subfield>
    <subfield code="w">(OCoLC)927175276</subfield>
  </datafield>
</record>