
<record>
  <leader>02831cam a22004697i 4500</leader>
  <controlfield tag="001">18801233</controlfield>
  <controlfield tag="005">20200103150516.0</controlfield>
  <controlfield tag="008">150918t20162016ctuac         000 0aeng c</controlfield>
  <datafield tag="906" ind1=" " ind2=" ">
    <subfield code="a">7</subfield>
    <subfield code="b">cbc</subfield>
    <subfield code="c">pccadap</subfield>
    <subfield code="d">2</subfield>
    <subfield code="e">epcn</subfield>
    <subfield code="f">20</subfield>
    <subfield code="g">y-gencatlg</subfield>
  </datafield>
  <datafield tag="925" ind1="0" ind2=" ">
    <subfield code="a">acquire</subfield>
    <subfield code="b">1 shelf copy</subfield>
    <subfield code="x">policy default</subfield>
  </datafield>
  <datafield tag="955" ind1=" " ind2=" ">
    <subfield code="b">rk11 2017-05-08 z-processor</subfield>
    <subfield code="i">rk11 2017-05-08 to Dewey</subfield>
  </datafield>
  <datafield tag="955" ind1=" " ind2=" ">
    <subfield code="a">pc24 2015-09-18</subfield>
    <subfield code="a">xn11 2017-05-03 1 copy rec&apos;d., to USASH</subfield>
  </datafield>
  <datafield tag="010" ind1=" " ind2=" ">
    <subfield code="a">  2015952587</subfield>
  </datafield>
  <datafield tag="015" ind1=" " ind2=" ">
    <subfield code="a">GBB650870</subfield>
    <subfield code="2">bnb</subfield>
  </datafield>
  <datafield tag="020" ind1=" " ind2=" ">
    <subfield code="a">9780300185508</subfield>
    <subfield code="q">(paperback)</subfield>
  </datafield>
  <datafield tag="020" ind1=" " ind2=" ">
    <subfield code="a">0300185502</subfield>
    <subfield code="q">(paperback)</subfield>
  </datafield>
  <datafield tag="035" ind1=" " ind2=" ">
    <subfield code="a">(OCoLC)ocn948262496</subfield>
  </datafield>
  <datafield tag="040" ind1=" " ind2=" ">
    <subfield code="a">NLE</subfield>
    <subfield code="b">eng</subfield>
    <subfield code="e">rda</subfield>
    <subfield code="c">NLE</subfield>
    <subfield code="d">YDXCP</subfield>
    <subfield code="d">OCLCO</subfield>
    <subfield code="d">SFMMA</subfield>
    <subfield code="d">OSU</subfield>
    <subfield code="d">MUU</subfield>
    <subfield code="d">CBY</subfield>
    <subfield code="d">OCLCF</subfield>
    <subfield code="d">STF</subfield>
    <subfield code="d">KSU</subfield>
    <subfield code="d">PUL</subfield>
    <subfield code="d">OCLCO</subfield>
    <subfield code="d">NMWMA</subfield>
    <subfield code="d">UBY</subfield>
    <subfield code="d">HEBIS</subfield>
    <subfield code="d">OCLCO</subfield>
    <subfield code="d">OCLCA</subfield>
    <subfield code="d">DLC</subfield>
  </datafield>
  <datafield tag="043" ind1=" " ind2=" ">
    <subfield code="a">n-us---</subfield>
  </datafield>
  <datafield tag="050" ind1="0" ind2="0">
    <subfield code="a">N6537.H4</subfield>
    <subfield code="b">A2 2016</subfield>
  </datafield>
  <datafield tag="100" ind1="1" ind2=" ">
    <subfield code="a">Hesse, Eva,</subfield>
    <subfield code="d">1936-1970,</subfield>
    <subfield code="e">author.</subfield>
  </datafield>
  <datafield tag="245" ind1="1" ind2="0">
    <subfield code="a">Eva Hesse :</subfield>
    <subfield code="b">diaries /</subfield>
    <subfield code="c">Eva Hesse ; edited by Barry Rosen, with the assistance of Tamara Bloomberg.</subfield>
  </datafield>
  <datafield tag="246" ind1="3" ind2="0">
    <subfield code="a">Diaries</subfield>
  </datafield>
  <datafield tag="264" ind1=" " ind2="1">
    <subfield code="a">New Haven :</subfield>
    <subfield code="b">Hauser &amp; Wirth in association with Yale University Press,</subfield>
    <subfield code="c">[2016]</subfield>
  </datafield>
  <datafield tag="264" ind1=" " ind2="4">
    <subfield code="c">©2016</subfield>
  </datafield>
  <datafield tag="300" ind1=" " ind2=" ">
    <subfield code="a">899 pages :</subfield>
    <subfield code="b">illustrations, portrait ;</subfield>
    <subfield code="c">21 cm</subfield>
  </datafield>
  <datafield tag="336" ind1=" " ind2=" ">
    <subfield code="a">text</subfield>
    <subfield code="b">txt</subfield>
    <subfield code="2">rdacontent</subfield>
  </datafield>
  <datafield tag="336" ind1=" " ind2=" ">
    <subfield code="a">still image</subfield>
    <subfield code="2">rdacontent</subfield>
  </datafield>
  <datafield tag="337" ind1=" " ind2=" ">
    <subfield code="a">unmediated</subfield>
    <subfield code="b">n</subfield>
    <subfield code="2">rdamedia</subfield>
  </datafield>
  <datafield tag="338" ind1=" " ind2=" ">
    <subfield code="a">volume</subfield>
    <subfield code="b">nc</subfield>
    <subfield code="2">rdacarrier</subfield>
  </datafield>
  <datafield tag="520" ind1=" " ind2=" ">
    <subfield code="a">Eva Hesse (1936-1970) is known for her sculptures that made innovative use of industrial and everyday materials. Her diaries and journals, which she kept for the entirety of her life, convey her anxieties, her feelings about family and friends, her quest to be an artist, and the complexities of living in the world. Hesse&apos;s biography is well known: her family fled Nazi Germany, her mother committed suicide when Hesse was ten years old, her marriage ended in divorce, and she died at the age of thirty-four from a brain tumor. The diaries featured in this publication begin in 1955 and describe Hesse&apos;s time at Yale University, followed by a sojourn in Germany with her husband, Tom Doyle, and her return to New York and a circle of friends that included Sol LeWitt, Mel Bochner, Lucy Lippard, Robert Mangold and Sylvia Plimack Mangold, Robert Ryman, Mike Todd, and Paul Thek. Poignant, personal, and full of emotion, these diaries convey Hesse&apos;s struggle with the quotidian while striving to become an artist.</subfield>
  </datafield>
  <datafield tag="600" ind1="1" ind2="0">
    <subfield code="a">Hesse, Eva,</subfield>
    <subfield code="d">1936-1970</subfield>
    <subfield code="v">Diaries.</subfield>
  </datafield>
  <datafield tag="650" ind1=" " ind2="0">
    <subfield code="a">Artists</subfield>
    <subfield code="z">United States</subfield>
    <subfield code="v">Diaries.</subfield>
  </datafield>
  <datafield tag="600" ind1="1" ind2="7">
    <subfield code="a">Hesse, Eva,</subfield>
    <subfield code="d">1936-1970.</subfield>
    <subfield code="2">fast</subfield>
    <subfield code="0">(OCoLC)fst00119339</subfield>
  </datafield>
  <datafield tag="650" ind1=" " ind2="7">
    <subfield code="a">Artists.</subfield>
    <subfield code="2">fast</subfield>
    <subfield code="0">(OCoLC)fst00817559</subfield>
  </datafield>
  <datafield tag="651" ind1=" " ind2="7">
    <subfield code="a">United States.</subfield>
    <subfield code="2">fast</subfield>
    <subfield code="0">(OCoLC)fst01204155</subfield>
  </datafield>
  <datafield tag="648" ind1=" " ind2="7">
    <subfield code="a">1900-1999</subfield>
    <subfield code="2">fast</subfield>
  </datafield>
  <datafield tag="655" ind1=" " ind2="7">
    <subfield code="a">Diaries.</subfield>
    <subfield code="2">fast</subfield>
    <subfield code="0">(OCoLC)fst01423794</subfield>
  </datafield>
  <datafield tag="600" ind1="1" ind2="7">
    <subfield code="a">Hesse, Eva</subfield>
    <subfield code="d">1936-1970</subfield>
    <subfield code="2">gnd</subfield>
  </datafield>
  <datafield tag="655" ind1=" " ind2="7">
    <subfield code="a">Diaries.</subfield>
    <subfield code="2">lcgft</subfield>
  </datafield>
  <datafield tag="700" ind1="1" ind2=" ">
    <subfield code="a">Rosen, Barry,</subfield>
    <subfield code="e">editor.</subfield>
  </datafield>
  <datafield tag="700" ind1="1" ind2=" ">
    <subfield code="a">Bloomberg, Tamara,</subfield>
    <subfield code="e">contributor.</subfield>
  </datafield>
</record>