
<record>
  <leader>06048cam a22004217i 4500</leader>
  <controlfield tag="001">18802080</controlfield>
  <controlfield tag="005">20200103150517.0</controlfield>
  <controlfield tag="008">150930t20162016enka     b    000 0 eng c</controlfield>
  <datafield tag="906" ind1=" " ind2=" ">
    <subfield code="a">7</subfield>
    <subfield code="b">cbc</subfield>
    <subfield code="c">pccadap</subfield>
    <subfield code="d">2</subfield>
    <subfield code="e">ncip</subfield>
    <subfield code="f">20</subfield>
    <subfield code="g">y-gencatlg</subfield>
  </datafield>
  <datafield tag="925" ind1="0" ind2=" ">
    <subfield code="a">acquire</subfield>
    <subfield code="b">1 shelf copy</subfield>
    <subfield code="x">policy default</subfield>
  </datafield>
  <datafield tag="925" ind1="1" ind2=" ">
    <subfield code="a">acquire</subfield>
    <subfield code="b">2 shelf copies</subfield>
    <subfield code="x">policy default</subfield>
  </datafield>
  <datafield tag="955" ind1=" " ind2=" ">
    <subfield code="b">rk11 2017-09-13 z-processor</subfield>
    <subfield code="i">rk11 2017-09-13 to CALM</subfield>
  </datafield>
  <datafield tag="955" ind1=" " ind2=" ">
    <subfield code="a">pc17 2015-09-30</subfield>
  </datafield>
  <datafield tag="010" ind1=" " ind2=" ">
    <subfield code="a">  2015953425</subfield>
  </datafield>
  <datafield tag="020" ind1=" " ind2=" ">
    <subfield code="a">9780500239506</subfield>
    <subfield code="q">(hardback)</subfield>
  </datafield>
  <datafield tag="020" ind1=" " ind2=" ">
    <subfield code="a">0500239509</subfield>
    <subfield code="q">(hardback)</subfield>
  </datafield>
  <datafield tag="035" ind1=" " ind2=" ">
    <subfield code="a">(OCoLC)ocn923794466</subfield>
  </datafield>
  <datafield tag="037" ind1=" " ind2=" ">
    <subfield code="b">W W Norton &amp; Co Inc, Keystone Industrial Park Attn Mike Charnogursky 800 Keystone Industrial Park, Scranton, PA, USA, 18512</subfield>
    <subfield code="n">SAN 202-5795</subfield>
  </datafield>
  <datafield tag="040" ind1=" " ind2=" ">
    <subfield code="a">BTCTA</subfield>
    <subfield code="b">eng</subfield>
    <subfield code="c">BTCTA</subfield>
    <subfield code="e">rda</subfield>
    <subfield code="d">YDXCP</subfield>
    <subfield code="d">BDX</subfield>
    <subfield code="d">OCLCQ</subfield>
    <subfield code="d">OCLCO</subfield>
    <subfield code="d">OCLCF</subfield>
    <subfield code="d">EQO</subfield>
    <subfield code="d">QGJ</subfield>
    <subfield code="d">BKL</subfield>
    <subfield code="d">RB0</subfield>
    <subfield code="d">OSU</subfield>
    <subfield code="d">VP@</subfield>
    <subfield code="d">UBY</subfield>
    <subfield code="d">CUY</subfield>
    <subfield code="d">CGU</subfield>
    <subfield code="d">ZLM</subfield>
    <subfield code="d">UKTTE</subfield>
    <subfield code="d">SFR</subfield>
    <subfield code="d">DLC</subfield>
  </datafield>
  <datafield tag="043" ind1=" " ind2=" ">
    <subfield code="a">a-ii---</subfield>
  </datafield>
  <datafield tag="050" ind1="0" ind2="0">
    <subfield code="a">ND1002</subfield>
    <subfield code="b">.G69 2016</subfield>
  </datafield>
  <datafield tag="080" ind1=" " ind2=" ">
    <subfield code="a">(540)75 GOS</subfield>
  </datafield>
  <datafield tag="100" ind1="1" ind2=" ">
    <subfield code="a">Goswamy, B. N.,</subfield>
    <subfield code="d">1933-</subfield>
    <subfield code="e">author.</subfield>
  </datafield>
  <datafield tag="245" ind1="1" ind2="4">
    <subfield code="a">The spirit of Indian painting :</subfield>
    <subfield code="b">close encounters with 101 great works, 1100-1900 /</subfield>
    <subfield code="c">B.N. Goswamy.</subfield>
  </datafield>
  <datafield tag="264" ind1=" " ind2="1">
    <subfield code="a">London ;</subfield>
    <subfield code="a">New York :</subfield>
    <subfield code="b">Thames &amp; Hudson,</subfield>
    <subfield code="c">[2016]</subfield>
  </datafield>
  <datafield tag="264" ind1=" " ind2="4">
    <subfield code="c">©2016</subfield>
  </datafield>
  <datafield tag="300" ind1=" " ind2=" ">
    <subfield code="a">xii, 570 pages :</subfield>
    <subfield code="b">color illustrations ;</subfield>
    <subfield code="c">24 cm</subfield>
  </datafield>
  <datafield tag="336" ind1=" " ind2=" ">
    <subfield code="a">text</subfield>
    <subfield code="b">txt</subfield>
    <subfield code="2">rdacontent</subfield>
  </datafield>
  <datafield tag="336" ind1=" " ind2=" ">
    <subfield code="a">still image</subfield>
    <subfield code="b">sti</subfield>
    <subfield code="2">rdacontent</subfield>
  </datafield>
  <datafield tag="336" ind1=" " ind2=" ">
    <subfield code="a">still image</subfield>
    <subfield code="b">sti</subfield>
    <subfield code="2">rdacontent</subfield>
  </datafield>
  <datafield tag="337" ind1=" " ind2=" ">
    <subfield code="a">unmediated</subfield>
    <subfield code="b">n</subfield>
    <subfield code="2">rdamedia</subfield>
  </datafield>
  <datafield tag="338" ind1=" " ind2=" ">
    <subfield code="a">volume</subfield>
    <subfield code="b">nc</subfield>
    <subfield code="2">rdacarrier</subfield>
  </datafield>
  <datafield tag="500" ind1=" " ind2=" ">
    <subfield code="a">&quot;Previously published in 2014 in the Indian subcontinent by Penguin Books India&quot;--Colophon.</subfield>
  </datafield>
  <datafield tag="504" ind1=" " ind2=" ">
    <subfield code="a">Includes bibliographical references (pages 556-560) and index.</subfield>
  </datafield>
  <datafield tag="505" ind1="0" ind2=" ">
    <subfield code="a">A layered world -- Close encounters with 101 great works -- Visions. Hiranyagarbha: the cosmic egg -- A Bodhisattva, possibly Ratnapani -- The goddess green Tara dispenses boons -- The heavenly court of Indra -- Rival armies meet across the river -- Krishna subdues Trinavarta, the whirlwind demon -- Umar slays a dragon with Naphtha -- The prophet Ilyas rescues a prince -- The great goddess in her Chamunda form -- Neptune, lord of the seas -- The speaking tree -- The virgin and child -- The goddess Saraswati enthroned -- The house of Bijapur -- Rama, Sita and Lakshmana in exile -- King Kamsa in his inner apartments -- Kamsa attempts to kill the newborn child -- The celestial chariot -- Krishna lifting the Mount Govardhan -- The Devi rides in state -- Shiva, ever solicitous of his other half -- Shiva and Parvati among the clouds -- Indra dancing -- Meru, the golden mountain -- Vasudeva takes the infant Krishna across the Yamuna River -- The great goddess battles the demons -- Rasamandala: the eternal dance -- The house of the Pandavas is set on fire -- The emergence of Varaha: boar incarnation of Vishnu -- A boat adrift on a river -- The Devi diagram -- Rama, Sita and Lakshmana cross the Ganga -- King Dasharatha&apos;s cremation -- Shiva and his family -- Vishvarupa: the cosmic form of Krishna -- Krishna storms the citadel of Narakasura -- Three aspects of the absolute -- Observation. A chameleon -- Learned disputations between Jain monks -- Portrait of the Emperor Akbar -- A young scholar -- Two camels fighting -- &apos;When the lamp of life in extinguished&apos; -- Perils of the hunt -- A mine explodes during the siege of Chittor -- Ibrahim Adil Shah II -- An old Sufi -- Jahangir with a portrait of Akbar -- Jahangir preferring a Sufi Shaikh to kings -- Jahangir takes aim at poverty -- The emperor Jahangir giving audience -- Two tulips and an Iris -- The dying man: Inayat Khan -- Jahangir receives prince Khurram -- The capture and death of Khan Jahan Lodi -- An encampment in the hills -- The Rao of Kutch&apos;s procession outside Anjar -- Raja Sidh Sen of Mandi: an informal portrait -- Raja Balwant Singh examining a painting with Nainsukh -- Villagers around a fire -- The Krishna story enacted: the Rasalila continues in the Mewar Royal Palace -- A royal tiger hunt -- Rao Ram Singh I of Kota pursuing a Rhinoceros -- Rawat Gokul Das of Deogarh at Singh Sagar -- Two portraits of Kala, the sepoy -- Maharaja Narinder Singh of Patiala in procession -- Portrait of a priestly figure -- A lady of rank -- A group of courtesans -- Passion. A elopement -- longing and union -- Remembering that fawn-eyed beauty -- The musical mode of Gaudi Ragini -- Raga Vasanta -- Radha and Krishna exchanging roles -- Gazing fondly into the mirror -- The longings of love -- Distraught Krishna -- A glimpse of the loved one -- The bower of quiet passion -- The boat of love -- To set out with eagerness: the Abhisarika heroine -- &apos;Unending passion&apos;: the Ratipriya heroine -- &apos;As desire rises&apos; -- &apos;Abashed at her delight; of her deep joy afraid&apos; -- The pavilion of love -- Re-enacting Krishna&apos;s marvellous deeds -- Nala enters Damayanti&apos;s apartments -- Glimpsing the beloved and pining for her: princes long for the beauteous Lavanyavati -- Two lovers -- In the role of Krishna -- Contemplation. Intimations of mortality -- Five holy men -- A gathering of Sufis -- Meditating Dervish -- A Yogini -- Saptarishi: the seven sages -- Maharao Kishor Singh of Kota celebrating a religious festival -- The Sufi Saint Shah Sharf &apos;Bu Ali&apos; Qalandar -- A priestly figured seated.</subfield>
  </datafield>
  <datafield tag="520" ind1=" " ind2=" ">
    <subfield code="a">&quot;Through close encounters with over a hundred carefully selected works, spanning nearly a thousand years, and ranging from Jain manuscripts and Pahari and Mughal miniatures to Company School paintings, B. N. Goswamy unlocks the many treasures that lie within Indian painting. In an illuminating introduction, and as Goswamy relates the stories behind each work and deciphers the visual vocabulary and language of the painters, he brings to life the cultural, social, and political milieu in which they were created. Lavishly illustrated, and combining erudition with great storytelling, The Spirit of Indian Painting reveals the beauty of this richly varied body of work in a new and brilliant light.&quot; -- Publisher&apos;s description</subfield>
  </datafield>
  <datafield tag="650" ind1=" " ind2="0">
    <subfield code="a">Painting, Indic.</subfield>
  </datafield>
  <datafield tag="650" ind1=" " ind2="7">
    <subfield code="a">Painting, Indic.</subfield>
    <subfield code="2">fast</subfield>
    <subfield code="0">(OCoLC)fst01050878</subfield>
  </datafield>
</record>