
<record>
  <leader>04742cam a22003497i 4500</leader>
  <controlfield tag="001">18805483</controlfield>
  <controlfield tag="005">20200103150518.0</controlfield>
  <controlfield tag="008">151002s2016    pau      b    001 0 eng  </controlfield>
  <datafield tag="906" ind1=" " ind2=" ">
    <subfield code="a">7</subfield>
    <subfield code="b">cbc</subfield>
    <subfield code="c">orignew</subfield>
    <subfield code="d">1</subfield>
    <subfield code="e">ecip</subfield>
    <subfield code="f">20</subfield>
    <subfield code="g">y-gencatlg</subfield>
  </datafield>
  <datafield tag="925" ind1="0" ind2=" ">
    <subfield code="a">acquire</subfield>
    <subfield code="b">1 shelf copy</subfield>
    <subfield code="x">policy default</subfield>
  </datafield>
  <datafield tag="955" ind1=" " ind2=" ">
    <subfield code="b">rm13 2015-10-02</subfield>
    <subfield code="i">rm13 2015-10-02 (telework)</subfield>
    <subfield code="w">xl03 2015-12-03</subfield>
    <subfield code="a">xn05 2016-03-21 1 copy rec&apos;d., to CIP ver.</subfield>
    <subfield code="f">rm06 2016-07-11 to CALM</subfield>
  </datafield>
  <datafield tag="010" ind1=" " ind2=" ">
    <subfield code="a">  2015037651</subfield>
  </datafield>
  <datafield tag="020" ind1=" " ind2=" ">
    <subfield code="a">9781466696617 (hardcover)</subfield>
  </datafield>
  <datafield tag="020" ind1=" " ind2=" ">
    <subfield code="z">9781466696624 (ebook)</subfield>
  </datafield>
  <datafield tag="040" ind1=" " ind2=" ">
    <subfield code="a">DLC</subfield>
    <subfield code="b">eng</subfield>
    <subfield code="c">DLC</subfield>
    <subfield code="e">rda</subfield>
    <subfield code="d">DLC</subfield>
  </datafield>
  <datafield tag="050" ind1="0" ind2="0">
    <subfield code="a">HV6773</subfield>
    <subfield code="b">.N387 2016</subfield>
  </datafield>
  <datafield tag="082" ind1="0" ind2="0">
    <subfield code="a">327.120285/4678</subfield>
    <subfield code="2">23</subfield>
  </datafield>
  <datafield tag="245" ind1="0" ind2="0">
    <subfield code="a">National security and counterintelligence in the era of cyber espionage /</subfield>
    <subfield code="c">Eugenie de Silva, University of Leicester, UK &amp; Virginia Research Institute, USA.</subfield>
  </datafield>
  <datafield tag="264" ind1=" " ind2="1">
    <subfield code="a">Hershey :</subfield>
    <subfield code="b">Information Science Reference, An Imprint of IGI Global,</subfield>
    <subfield code="c">[2016]</subfield>
  </datafield>
  <datafield tag="300" ind1=" " ind2=" ">
    <subfield code="a">xxvi, 308 pages ;</subfield>
    <subfield code="c">29 cm.</subfield>
  </datafield>
  <datafield tag="336" ind1=" " ind2=" ">
    <subfield code="a">text</subfield>
    <subfield code="2">rdacontent</subfield>
  </datafield>
  <datafield tag="337" ind1=" " ind2=" ">
    <subfield code="a">unmediated</subfield>
    <subfield code="2">rdamedia</subfield>
  </datafield>
  <datafield tag="338" ind1=" " ind2=" ">
    <subfield code="a">volume</subfield>
    <subfield code="2">rdacarrier</subfield>
  </datafield>
  <datafield tag="490" ind1="0" ind2=" ">
    <subfield code="a">A volume in the Advances in Digital Crime, Forensics and Cyber Terrorism (ADCFCT) Book Series</subfield>
  </datafield>
  <datafield tag="504" ind1=" " ind2=" ">
    <subfield code="a">Includes bibliographical references (pages 277-299) and index.</subfield>
  </datafield>
  <datafield tag="505" ind1="0" ind2=" ">
    <subfield code="a">Preface -- Current threats -- The mirror has two faces: terrorist use of the internet and the challenges of governing cyberspace / Shefali Virkar, Oxford University, England -- US-China relations : cyber espionage and cultural bias / Nicole Drumhiller, American Public University System, United States of America, Clay Wilson, American Public University System, United States of America -- The USA electrical grid : public perception, cyber attacks, and inclement weather / Eugene de Silva, Virginia Research Institute, United States of America, Eugenie de Silva, University of Leicester, England -- Insider-threat detection in corporate and cyber espionage / Kirk Y. Williams, Walden University, United States of America -- Teaching new dogs old tricks : the basics of espionage transcend time / Neal Duckworth, American Military University, United States of America, Eugenie de Silva, University of Leicester, England -- Understanding the field -- Understanding digital intelligence : a British view / Sir David Omand, King&apos;s College London, England -- Surveillance and resistance : online radicalization and the political response / David Martin Jones, University of Queensland, Australia -- Developing discourse and tools for alternative content to prevent terror / Marina Shorer, Institute of Identity Research IDmap, Israel, Galit Margalit Ben-Israel, Beit-Berl Academic College, Israel -- The value of personal information / Kirk Y. Williams, Walden University, United States of America, Dana-Marie Thomas, Walden University, United States of America, Latoya N. Johnson, Walden University, United States of America -- Novel implementations and forward thinking -- Application of mathematical modeling for the secure and intelligent energy infrastructure / Tianxing Cai, Lamar University, United States of America -- The need for a federal national data breach notification law / Kirk Y. Williams, Walden University, United States of America -- Combating terrorism through peace education: online educational perspective / Eugenie de Silva, University of Leicester, England, Eugene de Silva, Virginia Research Institute, United States of America, Eriberta Nepomuceno, University of Bicol, Philippines -- The role of state actors in cyberspace : can state actors find their role in cyberspace? / Seunghwan Yeo, Virtual Research Associates, United States of America, Amanda Sue Birch, The Fletcher School Tufts University, United States of America, Hans Ingvar Jörgen Bengtsson, The Fletcher School Tufts University, United States of America -- Intelligence studies, theory, and intergroup conflict resolution : theory and beyond / Elena Mastors, University of Pheonix, United States of America -- Joseph h. campos, university of hawaii, hawaii -- Detecting individual-level deception in the digital age : the detect model / Eugenie de Silva, University of Leicester, England -- Compilation of references -- About the contributors -- Index.</subfield>
  </datafield>
  <datafield tag="520" ind1=" " ind2=" ">
    <subfield code="a">&quot;This book highlights technological advancements in intelligence systems and law enforcement in relation to cybercrime and reconnaissance issues, focusing on current and emergent threats to national security, as well as the technological advancements being adopted within the intelligence field&quot;--</subfield>
    <subfield code="c">Provided by publisher.</subfield>
  </datafield>
  <datafield tag="650" ind1=" " ind2="0">
    <subfield code="a">Computer crimes.</subfield>
  </datafield>
  <datafield tag="650" ind1=" " ind2="0">
    <subfield code="a">Intelligence service.</subfield>
  </datafield>
  <datafield tag="650" ind1=" " ind2="0">
    <subfield code="a">Intelligence service</subfield>
    <subfield code="x">Computer networks.</subfield>
  </datafield>
  <datafield tag="650" ind1=" " ind2="0">
    <subfield code="a">National security</subfield>
    <subfield code="x">Law and legislation.</subfield>
  </datafield>
  <datafield tag="700" ind1="1" ind2=" ">
    <subfield code="a">Silva, Eugenie de,</subfield>
    <subfield code="d">1998</subfield>
    <subfield code="e">editor.</subfield>
  </datafield>
</record>