
<record>
  <leader>02642cam a22003617i 4500</leader>
  <controlfield tag="001">18807071</controlfield>
  <controlfield tag="005">20200103120759.0</controlfield>
  <controlfield tag="008">151005t20152015tnu      b    000 0 eng c</controlfield>
  <datafield tag="906" ind1=" " ind2=" ">
    <subfield code="a">7</subfield>
    <subfield code="b">cbc</subfield>
    <subfield code="c">pccadap</subfield>
    <subfield code="d">2</subfield>
    <subfield code="e">epcn</subfield>
    <subfield code="f">20</subfield>
    <subfield code="g">y-gencatlg</subfield>
  </datafield>
  <datafield tag="925" ind1="0" ind2=" ">
    <subfield code="a">acquire</subfield>
    <subfield code="b">1 shelf copy</subfield>
    <subfield code="x">policy default</subfield>
  </datafield>
  <datafield tag="955" ind1=" " ind2=" ">
    <subfield code="b">rk06 2017-01-10 z-processor</subfield>
    <subfield code="i">rk07 2017-01-12 to Dewey</subfield>
    <subfield code="w">xm09 2017-02-07</subfield>
  </datafield>
  <datafield tag="010" ind1=" " ind2=" ">
    <subfield code="a">  2015953934</subfield>
  </datafield>
  <datafield tag="020" ind1=" " ind2=" ">
    <subfield code="a">9781613143070</subfield>
    <subfield code="q">(pbk.)</subfield>
  </datafield>
  <datafield tag="020" ind1=" " ind2=" ">
    <subfield code="a">1613143079</subfield>
    <subfield code="q">(pbk.)</subfield>
  </datafield>
  <datafield tag="035" ind1=" " ind2=" ">
    <subfield code="a">(OCoLC)ocn944031371</subfield>
  </datafield>
  <datafield tag="040" ind1=" " ind2=" ">
    <subfield code="a">DAD</subfield>
    <subfield code="b">eng</subfield>
    <subfield code="c">DAD</subfield>
    <subfield code="e">rda</subfield>
    <subfield code="d">OCLCO</subfield>
    <subfield code="d">OCLCF</subfield>
    <subfield code="d">OCLCO</subfield>
    <subfield code="d">DLC</subfield>
  </datafield>
  <datafield tag="050" ind1="0" ind2="0">
    <subfield code="a">HQ76.25</subfield>
    <subfield code="b">J47 2015</subfield>
  </datafield>
  <datafield tag="082" ind1="0" ind2="0">
    <subfield code="a">200.86/6</subfield>
    <subfield code="2">23</subfield>
  </datafield>
  <datafield tag="100" ind1="1" ind2=" ">
    <subfield code="a">Jernigan, Dennis,</subfield>
    <subfield code="e">author.</subfield>
  </datafield>
  <datafield tag="245" ind1="1" ind2="0">
    <subfield code="a">Stand in love :</subfield>
    <subfield code="b">truthful answers to questions about homosexuality, identity, and the church /</subfield>
    <subfield code="c">Dennis Jernigan.</subfield>
  </datafield>
  <datafield tag="250" ind1=" " ind2=" ">
    <subfield code="a">First edition.</subfield>
  </datafield>
  <datafield tag="264" ind1=" " ind2="1">
    <subfield code="a">[Collierville, Tennessee] :</subfield>
    <subfield code="b">Innovo Publishing,</subfield>
    <subfield code="c">[2015]</subfield>
  </datafield>
  <datafield tag="264" ind1=" " ind2="4">
    <subfield code="c">©2015</subfield>
  </datafield>
  <datafield tag="300" ind1=" " ind2=" ">
    <subfield code="a">66 pages ;</subfield>
    <subfield code="c">22 cm</subfield>
  </datafield>
  <datafield tag="336" ind1=" " ind2=" ">
    <subfield code="a">text</subfield>
    <subfield code="b">txt</subfield>
    <subfield code="2">rdacontent</subfield>
  </datafield>
  <datafield tag="337" ind1=" " ind2=" ">
    <subfield code="a">unmediated</subfield>
    <subfield code="b">n</subfield>
    <subfield code="2">rdamedia</subfield>
  </datafield>
  <datafield tag="338" ind1=" " ind2=" ">
    <subfield code="a">volume</subfield>
    <subfield code="b">nc</subfield>
    <subfield code="2">rdacarrier</subfield>
  </datafield>
  <datafield tag="500" ind1=" " ind2=" ">
    <subfield code="a">&quot;A study guide for the Church resource kit: homosexuality, identity, and the church&quot;--Cover.</subfield>
  </datafield>
  <datafield tag="504" ind1=" " ind2=" ">
    <subfield code="a">Includes bibliographical references.</subfield>
  </datafield>
  <datafield tag="505" ind1="0" ind2=" ">
    <subfield code="a">Who are you to answer these questions? -- Does God call homosexual behavior a sin? -- Do homosexuals go to hell? -- Should homosexuals be in places of leadership in our Evangelical churches? -- What about gay marriage? -- Does orientation equal identity? -- Is change possible? -- How can I be salt and light yet be seen as loving? -- How do I love without judgment or condemnation -- How do I walk relationally and in love with someone whose life practices I strongly disagree with? -- How do we respond to someone who says, &quot;I cannot be changed. I&apos;ve tried. I still feel homosexual. How can this not be who I am?&quot; -- How do we respond to someone who says, &quot;You say you love me, but you don&apos;t support my relationship with my partner. How is that loving me?&quot; -- How do we teach our children about homosexuality in the current culture? -- How do I minister to my child who has walked away from the Lord? -- Now what?</subfield>
  </datafield>
  <datafield tag="520" ind1=" " ind2=" ">
    <subfield code="a">Popular contemporary Christian musician and author Dennis Jernigan identified as a homosexual early in his life. Through his relationship with Christ, he came to embrace his new identity in Him as a heterosexual. Highlighting relevant Bible passages, he speaks to those who walk his former path or have loved-ones on that path, encouraging them to put their faith in Jesus&apos; love.</subfield>
  </datafield>
  <datafield tag="650" ind1=" " ind2="0">
    <subfield code="a">Homosexuality</subfield>
    <subfield code="x">Biblical teaching.</subfield>
  </datafield>
  <datafield tag="650" ind1=" " ind2="0">
    <subfield code="a">Homosexuality</subfield>
    <subfield code="x">Religious aspects</subfield>
    <subfield code="x">Christianity.</subfield>
  </datafield>
</record>