
<record>
  <leader>03088cam a2200433 i 4500</leader>
  <controlfield tag="001">18812125</controlfield>
  <controlfield tag="005">20200103165129.0</controlfield>
  <controlfield tag="008">151008s2014    ai ab    b    001 0 rus d</controlfield>
  <datafield tag="906" ind1=" " ind2=" ">
    <subfield code="a">0</subfield>
    <subfield code="b">ibc</subfield>
    <subfield code="c">copycat</subfield>
    <subfield code="d">2</subfield>
    <subfield code="e">ncip</subfield>
    <subfield code="f">20</subfield>
    <subfield code="g">y-gencatlg</subfield>
  </datafield>
  <datafield tag="925" ind1="0" ind2=" ">
    <subfield code="a">Acquire</subfield>
    <subfield code="b">1 shelf copy</subfield>
    <subfield code="x">policy default</subfield>
  </datafield>
  <datafield tag="955" ind1=" " ind2=" ">
    <subfield code="b">cd16 2015-10-08</subfield>
    <subfield code="a">cd00 2015-10-08 to ASME/IJ</subfield>
    <subfield code="b">cd24 2020-01-03 z-processor JACKPHY</subfield>
    <subfield code="a">cd24 2020-01-03</subfield>
    <subfield code="i">cd24 2020-01-03</subfield>
  </datafield>
  <datafield tag="010" ind1=" " ind2=" ">
    <subfield code="a">  2015486418</subfield>
  </datafield>
  <datafield tag="020" ind1=" " ind2=" ">
    <subfield code="a">9789994129850</subfield>
  </datafield>
  <datafield tag="035" ind1=" " ind2=" ">
    <subfield code="a">(OCoLC)ocn965376878</subfield>
  </datafield>
  <datafield tag="040" ind1=" " ind2=" ">
    <subfield code="a">JVG</subfield>
    <subfield code="b">eng</subfield>
    <subfield code="e">rda</subfield>
    <subfield code="c">JVG</subfield>
    <subfield code="d">OCLCF</subfield>
    <subfield code="d">DLC</subfield>
  </datafield>
  <datafield tag="041" ind1="1" ind2=" ">
    <subfield code="a">rus</subfield>
    <subfield code="a">eng</subfield>
    <subfield code="b">arm</subfield>
  </datafield>
  <datafield tag="042" ind1=" " ind2=" ">
    <subfield code="a">lccopycat</subfield>
  </datafield>
  <datafield tag="050" ind1="0" ind2="0">
    <subfield code="a">SB613.A76</subfield>
    <subfield code="b">F35 2014</subfield>
  </datafield>
  <datafield tag="066" ind1=" " ind2=" ">
    <subfield code="c">(N</subfield>
  </datafield>
  <datafield tag="100" ind1="1" ind2=" ">
    <subfield code="a">Faĭvush, G. M.</subfield>
    <subfield code="q">(Georgiĭ Markovich)</subfield>
    <subfield code="e">author.</subfield>
  </datafield>
  <datafield tag="245" ind1="1" ind2="0">
    <subfield code="6">880-01</subfield>
    <subfield code="a">Invazivnye i ėkspansivnye vidy rasteniĭ Armenii /</subfield>
    <subfield code="c">G.M. Faĭvush, K.G. Tamani︠a︡n = Hayastani invaziv ev ēkʻspansiv busatesakner / G.M. Fayvush, K.G. Tʻamanyan = Invasive and expanding plant species of Armenia / G.M. Fayvush, K.G. Tamanyan.</subfield>
  </datafield>
  <datafield tag="880" ind1="1" ind2="0">
    <subfield code="6">245-01/(N</subfield>
    <subfield code="a">Инвазивные и экспансивные виды растений Армении /</subfield>
    <subfield code="c">Г.М. Файвуш, К.Г. Таманян = Hayastani invaziv ev ēkʻspansiv busatesakner / G.M. Fayvush, K.G. Tʻamanyan = Invasive and expanding plant species of Armenia / G.M. Fayvush, K.G. Tamanyan.</subfield>
  </datafield>
  <datafield tag="246" ind1="1" ind2="5">
    <subfield code="a">Hayastani invaziv ev ēkʻspansiv busatesakner</subfield>
  </datafield>
  <datafield tag="246" ind1="1" ind2="5">
    <subfield code="a">Invasive and expanding plant species of Armenia</subfield>
  </datafield>
  <datafield tag="264" ind1=" " ind2="1">
    <subfield code="6">880-02</subfield>
    <subfield code="a">Erevan :</subfield>
    <subfield code="b">Institut botaniki NAN RA,</subfield>
    <subfield code="c">2014.</subfield>
  </datafield>
  <datafield tag="880" ind1=" " ind2="1">
    <subfield code="6">264-02/(N</subfield>
    <subfield code="a">Ереван :</subfield>
    <subfield code="b">Институт ботаники НАН РА,</subfield>
    <subfield code="c">2014.</subfield>
  </datafield>
  <datafield tag="300" ind1=" " ind2=" ">
    <subfield code="a">269 pages :</subfield>
    <subfield code="b">color illustrations, color maps ;</subfield>
    <subfield code="c">25 cm</subfield>
  </datafield>
  <datafield tag="336" ind1=" " ind2=" ">
    <subfield code="a">text</subfield>
    <subfield code="b">txt</subfield>
    <subfield code="2">rdacontent</subfield>
  </datafield>
  <datafield tag="337" ind1=" " ind2=" ">
    <subfield code="a">unmediated</subfield>
    <subfield code="b">n</subfield>
    <subfield code="2">rdamedia</subfield>
  </datafield>
  <datafield tag="338" ind1=" " ind2=" ">
    <subfield code="a">volume</subfield>
    <subfield code="b">nc</subfield>
    <subfield code="2">rdacarrier</subfield>
  </datafield>
  <datafield tag="546" ind1=" " ind2=" ">
    <subfield code="a">In Russian and English; summary in Armenian.</subfield>
  </datafield>
  <datafield tag="500" ind1=" " ind2=" ">
    <subfield code="6">880-03</subfield>
    <subfield code="a">At head of title: Nat︠s︡ionalʹnai︠a︡ akademii︠a︡ nauk Respubliki Armenii︠a︡. Institut botaniki = Hayastani Hanrapetutʻyan gitutʻyunneri azgayin akademia. Busabanutʻyan institut = National Academy of Sciences, Republic of Armenia. Institute of Botany.</subfield>
  </datafield>
  <datafield tag="880" ind1=" " ind2=" ">
    <subfield code="6">500-03/(N</subfield>
    <subfield code="a">At head of title: Национальная академия наук Республики Армения. Институт ботаники = Hayastani Hanrapetutʻyan gitutʻyunneri azgayin akademia. Busabanutʻyan institut = National Academy of Sciences, Republic of Armenia. Institute of Botany.</subfield>
  </datafield>
  <datafield tag="520" ind1=" " ind2=" ">
    <subfield code="a">&quot;This work summarizes all literature and herbarium data and results of our observations during the field works on distribution of alien invasive and aborigine expanding plant species in all regions of Armenia.&quot;--page 6.</subfield>
  </datafield>
  <datafield tag="504" ind1=" " ind2=" ">
    <subfield code="a">Includes bibliographical references (pages 264-264) and indexes.</subfield>
  </datafield>
  <datafield tag="650" ind1=" " ind2="0">
    <subfield code="a">Invasive plants</subfield>
    <subfield code="x">Control</subfield>
    <subfield code="z">Armenia (Republic).</subfield>
  </datafield>
  <datafield tag="700" ind1="1" ind2=" ">
    <subfield code="a">Tamani︠a︡n, K. G.</subfield>
    <subfield code="q">(Kamilla Gevorkovna)</subfield>
    <subfield code="e">author.</subfield>
  </datafield>
  <datafield tag="710" ind1="2" ind2=" ">
    <subfield code="a">Busabanutʻyan Institut (Hayastani Gitutʻyunneri Akademia)</subfield>
    <subfield code="e">sponsor.</subfield>
  </datafield>
  <datafield tag="923" ind1=" " ind2=" ">
    <subfield code="d">2015-08-04</subfield>
    <subfield code="n">2015-5</subfield>
    <subfield code="s">National Academy of Sciences, Republic of Armenia</subfield>
    <subfield code="x">Exchange</subfield>
  </datafield>
</record>