
<record>
  <leader>02926cam a22003857i 4500</leader>
  <controlfield tag="001">18812803</controlfield>
  <controlfield tag="005">20200103150520.0</controlfield>
  <controlfield tag="008">151008s2016    nju      b    001 0 eng  </controlfield>
  <datafield tag="906" ind1=" " ind2=" ">
    <subfield code="a">7</subfield>
    <subfield code="b">cbc</subfield>
    <subfield code="c">orignew</subfield>
    <subfield code="d">1</subfield>
    <subfield code="e">ecip</subfield>
    <subfield code="f">20</subfield>
    <subfield code="g">y-gencatlg</subfield>
  </datafield>
  <datafield tag="925" ind1="0" ind2=" ">
    <subfield code="a">acquire</subfield>
    <subfield code="b">2 shelf copies</subfield>
    <subfield code="x">policy default</subfield>
    <subfield code="e">claim1  2016-04-05</subfield>
    <subfield code="e">claim2  2016-09-08</subfield>
  </datafield>
  <datafield tag="955" ind1=" " ind2=" ">
    <subfield code="b">rm13 2015-10-08</subfield>
    <subfield code="i">rm13 2015-10-08 ONIX (telework)</subfield>
    <subfield code="w">xl03 2015-10-09</subfield>
    <subfield code="f">rm06 2016-10-20 to BCCD</subfield>
  </datafield>
  <datafield tag="010" ind1=" " ind2=" ">
    <subfield code="a">  2015031972</subfield>
  </datafield>
  <datafield tag="020" ind1=" " ind2=" ">
    <subfield code="a">9781119239451</subfield>
  </datafield>
  <datafield tag="020" ind1=" " ind2=" ">
    <subfield code="a">9781119043072 (paperback)</subfield>
  </datafield>
  <datafield tag="040" ind1=" " ind2=" ">
    <subfield code="a">DLC</subfield>
    <subfield code="b">eng</subfield>
    <subfield code="c">DLC</subfield>
    <subfield code="e">rda</subfield>
    <subfield code="d">DLC</subfield>
  </datafield>
  <datafield tag="050" ind1="0" ind2="0">
    <subfield code="a">HF5415.2</subfield>
    <subfield code="b">.M3825 2016</subfield>
  </datafield>
  <datafield tag="082" ind1="0" ind2="0">
    <subfield code="a">658.8/3</subfield>
    <subfield code="2">23</subfield>
  </datafield>
  <datafield tag="084" ind1=" " ind2=" ">
    <subfield code="a">BUS058000</subfield>
    <subfield code="2">bisacsh</subfield>
  </datafield>
  <datafield tag="100" ind1="1" ind2=" ">
    <subfield code="a">McDaniel, Carl,</subfield>
    <subfield code="c">Jr.,</subfield>
    <subfield code="d">1941-</subfield>
  </datafield>
  <datafield tag="245" ind1="1" ind2="0">
    <subfield code="a">Marketing research essentials /</subfield>
    <subfield code="c">Carl McDaniel, Jr., Professor Emeritus, University of Texas at Arlington, Roger Gates, DSS Research.</subfield>
  </datafield>
  <datafield tag="250" ind1=" " ind2=" ">
    <subfield code="a">Ninth edition.</subfield>
  </datafield>
  <datafield tag="264" ind1=" " ind2="1">
    <subfield code="a">Hoboken, NJ :</subfield>
    <subfield code="b">Wiley,</subfield>
    <subfield code="c">[2016]</subfield>
  </datafield>
  <datafield tag="300" ind1=" " ind2=" ">
    <subfield code="a">xvi, 424 pages ;</subfield>
    <subfield code="c">26 cm</subfield>
  </datafield>
  <datafield tag="336" ind1=" " ind2=" ">
    <subfield code="a">text</subfield>
    <subfield code="2">rdacontent</subfield>
  </datafield>
  <datafield tag="337" ind1=" " ind2=" ">
    <subfield code="a">unmediated</subfield>
    <subfield code="2">rdamedia</subfield>
  </datafield>
  <datafield tag="338" ind1=" " ind2=" ">
    <subfield code="a">volume</subfield>
    <subfield code="2">rdacarrier</subfield>
  </datafield>
  <datafield tag="500" ind1=" " ind2=" ">
    <subfield code="a">Revised edition of the authors&apos; Marketing research essentials, 2013.</subfield>
  </datafield>
  <datafield tag="504" ind1=" " ind2=" ">
    <subfield code="a">Includes bibliographical references (pages 397-411) and index.</subfield>
  </datafield>
  <datafield tag="520" ind1=" " ind2=" ">
    <subfield code="a">&quot;   In the 12th edition of Marketing Research,  McDaniel and Gates continue to share their industry experience to  teach students how to make critical business decisions through the  study of market research.  The authors&apos; practical,  applications-based approach features real data, real  people, and real research, to prepare students to conduct  and use market research for future careers in business.  Co-author Roger Gates, President of DSS Research, infuses the  text with a practitioners perspective, helping students  learn how to use marketing research through a practical  presentation of both theory and practice   &quot;--</subfield>
    <subfield code="c">Provided by publisher.</subfield>
  </datafield>
  <datafield tag="520" ind1=" " ind2=" ">
    <subfield code="a">&quot;In the 12th edition of Marketing Research, McDaniel and Gates continue to share their industry experience to teach students how to make critical business decisions through the study of market research. The authors&apos; practical, applications-based approach features real data, real people, and real research, to prepare students to conduct and use market research for future careers in business. Co-author Roger Gates, President of DSS Research, infuses the text with a practitioners perspective, helping students learn how to use marketing research through a practical presentation of both theory and practice&quot;--</subfield>
    <subfield code="c">Provided by publisher.</subfield>
  </datafield>
  <datafield tag="650" ind1=" " ind2="0">
    <subfield code="a">Marketing research.</subfield>
  </datafield>
  <datafield tag="650" ind1=" " ind2="7">
    <subfield code="a">BUSINESS &amp; ECONOMICS / Sales &amp; Selling.</subfield>
    <subfield code="2">bisacsh</subfield>
  </datafield>
  <datafield tag="700" ind1="1" ind2=" ">
    <subfield code="a">Gates, Roger H.,</subfield>
    <subfield code="d">1942-</subfield>
  </datafield>
  <datafield tag="776" ind1="0" ind2="8">
    <subfield code="i">Online version:</subfield>
    <subfield code="a">McDaniel, Carl, Jr.</subfield>
    <subfield code="t">Marketing research essentials</subfield>
    <subfield code="b">Ninth edition.</subfield>
    <subfield code="d">Hoboken : Wiley, 2015</subfield>
    <subfield code="z">9781119042914</subfield>
    <subfield code="w">(DLC) 2015039831</subfield>
  </datafield>
  <datafield tag="856" ind1="4" ind2="2">
    <subfield code="3">Cover image</subfield>
    <subfield code="u">http://catalogimages.wiley.com/images/db/jimages/9781119043072.jpg</subfield>
  </datafield>
</record>